2034 3382
935 272 988 277 „
1051 247 1106 290 30
1167 272 1219 277 .-

304 362 607 404 Poetovionem
655 365 695 401 et
746 359 1015 402 Carnuntum
1063 375 1192 415 supra
1239 361 1325 403 dixi
1357 363 1499 403 iuncta
1546 360 1693 411 fuisse,
1737 363 1857 400 trans

304 434 548 474 Danuvium
580 432 711 473 ferret
752 432 794 472 in
838 432 975 485 ipsum
1011 431 1269 474 Marobodui
1309 447 1506 487 regnum,
1548 431 1664 473 haud
1706 431 1858 472 mirum

305 504 471 546 videtur
506 505 549 545 in
580 503 703 545 domo
737 504 826 544 eius
859 503 1078 545 Romanos
1109 504 1397 558 negotiatores
1429 503 1609 559 fuisse.¹)
1671 501 1858 545 Gravius

304 591 403 618 vero
434 576 537 618 illud
569 580 644 628 est,
673 575 787 630 quod
805 575 1008 630 Aquileia
1040 590 1135 617 cum
1152 575 1382 618 Germanis
1405 576 1533 617 etiam
1561 575 1615 616 ad
1640 587 1858 629 vesperum

304 648 585 690 incolentibus
626 647 852 701 Rhenique
903 647 1057 689 accolis
1100 647 1266 689 videtur
1307 648 1606 689 commercium
1648 645 1859 688 habuisse.

307 720 435 763 Certe
474 719 682 774 probatur
723 720 991 774 aliquatenus
1034 733 1084 761 ea
1127 733 1195 761 res
1242 719 1363 760 titulo
1405 718 1590 773 quodam
1631 717 1859 773 Aquileiae

305 793 528 848 reperto,²)
579 793 651 846 qui
693 793 923 833 memoriae
963 792 1191 846 inscriptus
1234 796 1298 833 est
1338 791 1588 833 mercatoris
1627 790 1858 841 cuiusdam,

306 867 377 920 qui
406 880 457 907 ex
489 863 669 907 Colonia
710 864 1019 918 Agrippinensi
1050 862 1298 918 negotiandi
1339 876 1468 904 causa
1507 876 1584 916 per
1615 862 1859 916 Aquileiam

305 939 347 979 in
378 937 559 979 Daciam
592 936 758 978 solebat
786 937 867 978 iter
899 936 1052 978 facere.
1112 935 1163 977 In
1204 950 1369 977 summa
1409 939 1552 976 autem
1590 933 1859 975 multitudine

306 1010 601 1066 expeditarum
624 1010 801 1061 viarum,
825 1023 935 1063 quae
962 1023 988 1050 a
1004 1007 1165 1050 Norico
1187 1022 1264 1062 per
1289 1007 1490 1049 Raetiam
1513 1011 1555 1048 et
1575 1006 1860 1050 Vindeliciam

306 1083 362 1125 ad
391 1082 649 1125 Rhenanum
697 1082 874 1123 limitem
913 1079 1128 1132 ferebant,
1172 1081 1259 1121 veri
1301 1079 1467 1121 videtur
1509 1079 1709 1121 dissimile
1751 1078 1861 1120 illius

309 1155 558 1196 mercatoris
588 1147 825 1208 exe'mplum
857 1152 1072 1207 singulare
1105 1152 1366 1207 exstitisse.3)

444 1226 616 1280 Ingenti
646 1225 960 1280 negotiatorum
993 1237 1201 1266 concursu
1239 1223 1426 1277 undique
1460 1223 1705 1277 Aquileiam
1745 1221 1859 1263 facto

307 1302 638 1340 consentaneum
668 1301 731 1339 est
760 1297 997 1338 incolarum
1034 1295 1347 1338 multitudinem
1390 1299 1432 1337 et
1472 1295 1860 1350 frequentissimam

306 1371 433 1412 fuisse
464 1374 505 1411 et
536 1370 823 1424 promiscuam
854 1369 1123 1423 maximeque
1156 1369 1327 1411 variam.
1380 1367 1658 1410 Herodianus
1690 1369 1729 1420 8,
1763 1370 1800 1419 4,
1834 1369 1859 1408 3

307 1446 482 1483 enarrat
514 1442 762 1496 peregrinos
795 1455 845 1482 ac
876 1441 1165 1494 negotiatores
1196 1454 1381 1495 magnon
1413 1454 1560 1481 umero
1591 1440 1646 1481 ad
1692 1444 1860 1494 tempus

306 1516 348 1556 in
380 1514 485 1555 urbe
514 1513 766 1566 consedisse,
800 1527 910 1568 quae
938 1513 1003 1554 vel
1035 1514 1224 1567 ipsorum
1247 1513 1397 1554 civium
1426 1527 1590 1554 summa
1620 1512 1860 1567 frequentia

304 1586 566 1642 floruisset.4)
600 1611 653 1615 ——-
691 1585 759 1628 De
787 1599 871 1640 quo
903 1585 1137 1627 incolarum
1171 1599 1345 1627 numero
1389 1585 1490 1626 nihil
1529 1586 1632 1627 certi
1664 1599 1765 1626 sane
1798 1585 1859 1625 in-

308 1660 497 1702 venimus
538 1673 628 1700 esse
671 1658 901 1709 traditum3
950 1658 1023 1699 sed
1067 1662 1209 1700 tamen
1254 1673 1349 1699 cum
1387 1657 1504 1699 urbis
1535 1657 1779 1712 granditate
1813 1671 1862 1698 ac

306 1733 541 1787 maiestate,
574 1731 711 1785 qualis
732 1731 775 1771 in
807 1735 1179 1772 monumentorum
1211 1731 1400 1784 reliquiis
1432 1717 1629 1782 occurrit,
1660 1735 1750 1772 tum
1774 1744 1860 1771 am—

306 1804 514 1859 plitudine
557 1803 628 1845 illa
674 1803 961 1856 circuitusque
1005 1803 1315 1857 magnitudine,
1360 1817 1468 1857 quae
1511 1803 1637 1844 certis
1675 1803 1860 1856 vestigiis

306 1876 571 1929 inventisque
622 1873 878 1928 quibusdam
910 1873 1135 1915 manifesta
1168 1875 1317 1927 suntfi)
1358 1874 1579 1928 probabile
1618 1874 1667 1915 fit
1701 1872 1861 1927 aliquid

308 1947 581 1989 tribuendum
613 1961 703 1989 esse
736 1946 931 1987 Ausonio
964 1960 1118 1987 nonum
1154 1947 1293 1988 locum
1326 1947 1551 2001 Aquileiae
1580 1947 1691 1988 inter
1724 1945 1861 1987 claras

308 2019 437 2061 urbes
468 2019 794 2074 constituenti.⁴'·)

446 2119 471 2156 ¹)
497 2118 678 2152 'l'acAnn
707 2117 752 2157 II,
769 2116 829 2151 62:
858 2116 1011 2157 ..nostris
1038 2127 1054 2149 e
1080 2116 1269 2159 provinciis
1284 2115 1374 2150 lixae
1402 2127 1442 2150 ac
1463 2117 1704 2161 negotiatores
1721 2115 1859 2159 reperti,

307 2189 393 2222 quos
419 2179 474 2211 ius
500 2178 710 2218 commercii⁷
738 2176 817 2210 dein
837 2175 964 2219 cupido
985 2175 1137 2219 augendi
1163 2176 1357 2219 pecuniam,
1373 2179 1558 2219 postremo·
1579 2175 1710 2210 oblivio
1724 2176 1858 2220 patriae

306 2239 380 2271 suis
406 2249 578 2282 quemque
603 2237 646 2271 ab
673 2236 817 2271 sedibus
843 2235 1009 2269 hostilem
1034 2236 1068 2268 in
1090 2245 1214 2279 agrum
1236 2236 1504 2270 transtulerat.²·'
1557 2236 1607 2270 De
1623 2236 1749 2270 latiore
1765 2234 1860 2268 urbis

308 2299 515 2332 commercio
541 2308 661 2332 versus
688 2307 781 2331 mare
808 2296 987 2330 Balticum
1015 2296 1111 2329 facto
1137 2306 1242 2339 supra
1268 2296 1335 2329 iam
1364 2307 1475 2339 pauca
1493 2295 1678 2333 adnotavi:
1706 2298 1859 2329 ceterum

306 2360 348 2392 οἵ.
376 2357 640 2392 Sadkowskium
665 2358 686 2390 l.
714 2357 734 2390 l.
761 2355 1030 2400 Marquardtum
1060 2356 1111 2388 Pr.
1142 2355 1178 2389 L.
1206 2367 1238 2399 p.
1270 2357 1345 2389 714.

448 2418 472 2457 ²⁸)
499 2418 540 2451 cfv
566 2417 642 2451 CIL
673 2418 713 2457 V,
745 2417 841 2450 1047.
867 2436 911 2441 —
937 2416 980 2449 ef.
1008 2415 1115 2449 etiam
1135 2415 1253 2449 adnot.
1282 2417 1333 2448 97.

446 2477 472 2516 ³³)
499 2477 715 2511 Oomniercio
740 2476 1023 2519 septentrionem
1057 2485 1179 2509 versus
1214 2475 1308 2509 sacto
1336 2475 1426 2509 haud
1454 2475 1525 2509 scio
1551 2485 1593 2508 an
1627 2473 1795 2508 debeatur
1821 2485 1861 2508 ea
1890 2474 1893 2475 ⁷

306 2548 370 2577 res,
409 2536 501 2582 quod
535 2535 790 2580 posterioribus
826 2534 1042 2578 temporibus
1090 2537 1212 2568 notum
1240 2539 1295 2569 est
1323 2534 1514 2579 Aquileiae
1540 2534 1648 2568 fuisse
1683 2533 1859 2568 officinam

308 2596 516 2631 monetalem
538 2597 596 2639 (οἳ.
624 2596 749 2630 Boeck.
776 2595 819 2630 ad
855 2596 933 2630 Not⁴
964 2595 1067 2637 Dign.
1095 2594 1123 2637 l,
1152 2605 1183 2638 p.
1210 2594 1264 2629 48.
1284 2593 1859 2639 :}f.‹)j›‚q11a<2Sisciensisofficinae

308 2656 447 2691 videtur
472 2659 650 2700 superstes
672 2656 792 2690 fuisse.

449 2717 472 2759 ⁸)
497 2717 612 2752 Herod
649 2718 680 2758 S,
708 2718 738 2754 4,
765 2717 801 2751 3ῑ
829 2716 927 2749 ἰδίου
954 2715 1070 2759 δήμου
1098 2714 1406 2757 πολυάνθρωπος.

446 2778 472 2815 ⁵)
498 2779 541 2812 ef.
567 2788 656 2821 quae
683 2777 821 2811 Kenner
846 2779 882 2810 et
900 2777 1037 2811 Hauser
1070 2776 1312 2811 disseruerunt
1337 2775 1392 2808 in:
1422 2774 1517 2807 Mitt.
1533 2773 1742 2808 ‹l.‹'(*omn1.
1760 2773 1855 2810 1875,

308 2851 340 2883 p.
365 2840 408 2872 22·
436 2850 510 2882 sqq.
561 2837 725 2874 Kandler.
753 2837 862 2872 Arch.
892 2837 1006 2870 triest.
1034 2835 1078 2871 N.
1106 2837 1139 2870 S.
1165 2836 1228 2876 lv,
1259 2836 1320 2868 117
1348 2846 1422 2878 sqq.

445 2900 473 2942 ι”)
501 2900 632 2933 Auson.
658 2898 700 2932 de
725 2898 805 2932 clar.
832 2897 906 2931 urb.
934 2898 970 2930 7:
1007 2897 1103 2941 „Non
1131 2899 1207 2931 erat
1232 2897 1298 2929 iste
1325 2895 1422 2929 locus
1452 2894 1577 2928 merito
1605 2897 1720 2928 tamen
1753 2898 1858 2929 aucta

308 2961 471 2994 1·ece11ti“.
523 2960 622 2993 Nona
649 2960 739 2992 iuter
765 2959 878 2992 claras
896 2957 1064 3001 Aquileia
1091 2956 1235 2991 cieberis
1261 2955 1373 2992 urbes,
1403 2955 1496 2989 Itala
1525 2953 1569 2989 ad
1596 2953 1759 2998 illyricos
1785 2954 1857 2988 obi-
