2034 3382
870 255 1154 297 —31-..

372 373 617 415 Incolarum
657 369 969 411 multitudinem
1010 384 1172 410 summa
1217 370 1423 411 varietate
1466 369 1592 410 fuisse
1634 368 1695 410 vel
1737 383 1785 409 ex

233 446 327 499 ipsa
371 444 547 499 emporii
587 446 742 484 natura
782 441 898 483 haud
943 440 1113 483 difficile
1147 441 1423 485 concluditur.
1495 442 1564 483 Ac
1604 443 1785 496 primum

235 516 405 572 quidem
451 519 622 570 praeter
667 514 781 568 ipsos
812 513 1032 556 Romanos
1074 527 1232 568 magno
1283 528 1458 555 numero
1492 513 1684 557 Graecos
1730 513 1787 555 ibi

234 588 449 631 habitasse
481 600 649 628 cumvex
682 586 834 640 insigni
855 587 960 637 loco,
988 599 1112 640 quem
1135 585 1355 627 habebant
1379 585 1536 629 Graeci
1566 586 1607 627 in
1630 586 1787 628 Roma-

234 675 385 704 norum
416 660 680 710 commercio,
713 658 896 700 dilucide
927 663 1120 712 apparet,
1162 662 1252 699 tum
1291 659 1472 700 maxime
1510 659 1697 700 cernitur
1738 674 1787 700 ex

233 731 492 787 amplissima
523 732 646 785 copia
678 730 945 773 Graecorum
977 730 1207 781 nominum,
1241 744 1351 784 quae
1379 731 1421 771 in
1454 730 1624 787 titulis1)
1664 730 1788 773 obvia

233 807 342 846 sunt.
404 802 601 857 Denique
632 802 772 844 nescio
803 815 859 842 an
890 800 1069 843 eandem
1112 815 1200 843 rem
1241 802 1345 844 illud
1387 817 1556 857 quoque
1593 803 1786 854 illustret,

232 875 344 931 quod
378 876 488 917 ratio
532 874 757 925 scribendi,
792 888 901 928 quae
943 875 985 915 in
1026 874 1160 916 titulis
1189 874 1536 929 Aquileiensibus
1579 876 1788 918 invenitur

234 947 505 991 Graecorum
535 946 851 1003 quodammodo
884 947 1094 989 rationem
1117 948 1363 1002 saepissime
1381 947 1595 1004 redolet‘2).
1656 948 1788 992 Prae-

230 1026 297 1063 ter
323 1020 561 1064 Graeculos
593 1019 738 1062 mobili
770 1019 956 1074 agilique
978 1020 1147 1074 ingenio
1172 1020 1358 1075 insignes
1381 1035 1432 1063 ex
1454 1022 1627 1064 orientis
1650 1023 1787 1074 terris,

230 1093 423 1148 inprimis
455 1107 477 1134 e
511 1092 635 1147 Syria
667 1095 797 1147 atque
827 1091 1088 1143 Palaestina,
1123 1093 1279 1135 multos
1310 1098 1569 1136 mercatores
1602 1094 1659 1136 ibi
1691 1109 1787 1137 con-

231 1165 389 1207 sedisse
410 1178 549 1219 pauca
565 1163 862 1206 tantummodo
879 1164 1122 1207 testimonia
1144 1165 1327 1209 dilucide
1359 1171 1400 1209 et
1426 1181 1620 1222 expresse
1651 1167 1788 1210 decla-

233 1239 388 1292 rant3);
423 1236 497 1278 sed
526 1251 643 1279 mero
674 1250 777 1278 casu
809 1235 969 1278 factum
1006 1251 1110 1290 esse,
1158 1242 1206 1280 ut
1234 1238 1408 1281 uberior
1446 1241 1787 1282 testimoniorum

231 1353 310 1385 ecta
335 1350 474 1385 colonia
498 1351 637 1384 montes
663 1349 848 1383 Moenibus
875 1352 910 1383 et
936 1352 1041 1393 portu
1072 1349 1316 1392 celeberrima;
1350 1353 1415 1384 cet.
1451 1371 1494 1376 —
1532 1351 1616 1395 Ipsa
1640 1351 1723 1385 urbs
1748 1355 1788 1385 ut

231 1412 306 1445 erat
343 1409 571 1444 munimentis
609 1409 841 1444 circumclusa
880 1409 985 1444 etiam
1021 1412 1102 1454 post
1135 1409 1449 1455 amplificationem
1483 1422 1542 1455 per
1575 1410 1786 1457 Augustum

230 1471 361 1506 factam
385 1469 563 1505 modicum
596 1469 843 1504 tantummodo
884 1469 1057 1504 ambitum
1096 1470 1240 1505 habuit:
1279 1471 1340 1505 sed
1382 1471 1446 1505 sub
1484 1472 1572 1516 ipsis
1605 1473 1788 1508 moenibus

230 1530 479 1566 florentissima
503 1529 671 1564 suburbia
698 1529 1028 1572 exaedificabantur,
1056 1541 1146 1575 quae
1171 1530 1349 1566 latissime
1374 1532 1408 1565 in
1442 1543 1564 1577 agrum
1592 1533 1787 1568 colonicum

229 1601 265 1628 se
291 1591 536 1627 extendebant.
563 1592 606 1626 cf.
632 1590 759 1625 Herod.
786 1590 817 1631 8,
844 1590 875 1628 2.
899 1591 936 1625 4:
962 1593 1100 1633 μᾶλλον
1125 1588 1456 1636 ἐπολυπλασιάσθη
1482 1591 1521 1626 τὸ
1548 1594 1692 1637 πλῆθος
1717 1595 1789 1627 τῶν

227 1651 347 1697 ὄχλων
378 1650 528 1685 πάντων
557 1649 595 1693 ἐξ
626 1649 748 1694 ἀγρῶν
778 1648 902 1685 ἐκεῐσε
937 1652 1168 1694 συρρεόντων
1199 1655 1377 1697 πολίχνας
1408 1666 1444 1687 τε
1474 1653 1536 1687 ’καὶ
1572 1654 1695 1698 κώμας
1723 1655 1790 1694 τὰς

229 1713 480 1757 περικειμένας
514 1712 802 1747 καταλιπόντων.
852 1715 903 1749 De
954 1714 1165 1750 suburbanis
1199 1716 1288 1751 locis
1324 1716 1427 1760 plura
1460 1716 1629 1752 disseruit
1669 1718 1788 1752 Kand-

230 1776 324 1810 lerus
348 1775 372 1810 l.
399 1775 422 1809 l.
448 1776 491 1809 cf.
520 1775 627 1809 etiam
655 1774 925 1819 Gregoruttium
952 1777 986 1810 in
1016 1776 1118 1812 Arch.
1148 1776 1264 1812 triest.
1292 1777 1395 1819 XIII,
1426 1778 1490 1812 126
1515 1790 1591 1823 sqq.

369 1836 394 1880 ¹)
421 1835 463 1869 ef.
497 1834 635 1870 Indices
666 1834 709 1870 ad
737 1835 813 1871 CIL
839 1838 924 1871 tom.
954 1837 987 1870 V
1015 1840 1051 1872 et
1080 1837 1124 1872 ad
1145 1837 1368 1883 Gregoruttii
1393 1838 1533 1874 librum.

370 1895 396 1940 Ψ)
420 1896 526 1931 Ratio
553 1896 728 1932 scribendi
756 1896 775 1930 b
801 1908 863 1941 pro
890 1908 920 1938 v,
947 1898 1001 1932 vel
1027 1909 1047 1931 v
1070 1909 1131 1941 pro
1159 1897 1179 1931 b
1205 1900 1249 1943 (e.
1271 1910 1304 1943 g.
1332 1899 1437 1934 Salbe
1454 1900 1631 1944 :salve)‚
1659 1900 1700 1935 de
1720 1912 1789 1945 qua

234 1956 729 1992 Steinbuechel-Rheinwall
755 1958 803 1995 (in
832 1958 941 1992 Arch.
969 1959 1084 1993 triest.
1112 1959 1176 1999 III,
1203 1959 1285 1997 227>
1308 1971 1420 2005 pauca
1445 1961 1643 2003 adnotavit,
1683 1961 1789 1996 habet

231 2017 266 2050 in
291 2016 411 2052 titulis
449 2015 747 2062 Aquileiensibus
786 2018 962 2062 permulta
1000 2019 1168 2062 exempla.
1218 2020 1262 2054 cf.
1289 2020 1409 2059 CILV,
1436 2021 1532 2055 1025.
1562 2022 1659 2056 1652.
1690 2023 1787 2055 1715.

235 2077 329 2115 1728.
361 2078 458 2112 1597.
490 2078 586 2113 1598.
616 2079 714 2113 1609.
744 2079 842 2113 1610.
870 2079 968 2114 1614.
998 2080 1083 2113 1642
1125 2080 1222 2114 1664.
1252 2082 1348 2115 1709.
1375 2103 1418 2106 —
1444 2083 1520 2116 804.
1569 2083 1686 2118 Multo
1709 2094 1788 2117 vero

231 2137 532 2173 memorabiliores
546 2138 711 2173 videntur
737 2149 812 2173 esse
840 2140 971 2174 formae
997 2140 1169 2184 quaedam
1195 2142 1368 2184 genetivi:
1396 2143 1495 2177 velut
1516 2143 1661 2178 Italices
1679 2145 1787 2188 (914).

230 2197 389 2232 Africaes
415 2198 544 2243 (1039),
582 2199 783 2234 Inventiaes
808 2200 938 2244 (1006),
980 2201 1108 2245 primes
1133 2201 1240 2246 (892),
1278 2202 1394 2247 Lydes
1420 2204 1550 2246 (1388).
1601 2204 1788 2239 Simillime

229 2268 389 2302 graecam
428 2259 599 2304 originem
637 2270 717 2303 prae
756 2270 792 2293 se
830 2260 898 2294 fert
938 2259 1079 2295 litterae
1105 2260 1128 2294 h
1155 2261 1332 2305 neglectio
1365 2263 1400 2296 in
1427 2262 1528 2297 abuit
1553 2264 1644 2303 (914.
1676 2264 1786 2307 1707),

230 2317 313 2352 abes
338 2319 466 2360 (1712),
493 2329 559 2354 unc
585 2318 800 2365 (164‘2l‚11›ra
827 2320 918 2364 (914.
949 2321 1046 2355 1535.
1077 2320 1188 2360 1634).

374 2378 399 2421 3’)
445 2379 497 2413 De
523 2378 631 2422 Syris,
666 2379 725 2423 qui
752 2380 1004 2425 imperatorum
1030 2383 1149 2416 aetate
1178 2384 1527 2426 praestantissimum
1554 2385 1588 2419 in
1614 2385 1788 2420 Romano-

232 2449 307 2472 rum
355 2439 561 2474 commercio
594 2439 709 2474 locum
746 2439 934 2482 habebant,
973 2442 1143 2476 nonnulla
1181 2442 1350 2478 disseruit
1391 2444 1647 2487 Mommsenus,
1689 2445 1786 2480 Rom.

233 2490 356 2532 Gesch.
399 2499 437 2540 V,
477 2499 543 2533 46⁴3
581 2510 656 2543 sqq.
706 2499 849 2535 Praeter
875 2500 1115 2536 nobilissimas
1141 2513 1205 2544 res,
1234 2514 1323 2548 quae
1349 2505 1382 2538 in
1408 2504 1510 2548 Syria
1535 2506 1612 2550 ipsa
1637 2505 1787 2541 fabrica-

233 2556 370 2600 bantur,
400 2562 542 2594 constat
568 2561 755 2595 maximam
774 2562 940 2596 mercium
969 2564 1103 2606 partem
1132 2574 1169 2596 ex
1200 2564 1347 2598 orientis
1375 2565 1477 2599 terris
1503 2576 1563 2610 per
1580 2565 1715 2610 Syriam
1742 2566 1784 2600 ad

233 2610 426 2653 occidentis
450 2623 574 2665 gentes
601 2621 814 2665 pervenisse.
866 2622 960 2665 „Das
987 2623 1036 2657 ist
1061 2623 1180 2659 diesen
1211 2624 1372 2659 Ursitzen
1399 2625 1459 2660 des
1486 2626 1641 2661 Handels
1666 2628 1788 2662 immer

231 2678 424 2723 geblieben,
445 2679 525 2715 dass
544 2680 598 2716 die
618 2680 839 2716 sidonischen
855 2682 1001 2717 Manner
1024 2683 1093 2717 und
1118 2683 1191 2718 ihre
1208 2684 1520 2729 Landesgenossen
1548 2686 1620 2721 ihre
1638 2688 1786 2722 Waaren

233 2739 332 2773 nicht
358 2738 454 2774 bloss
482 2740 548 2775 den
574 2739 801 2776 Auslandern
829 2742 1046 2783 verkausteu,
1081 2743 1228 2778 sondern
1254 2745 1304 2779 sie
1335 2745 1437 2780 ihnen
1463 2745 1577 2781 selber
1602 2746 1786 2786 brachten:

233 2819 274 2822 -
301 2799 456 2843 syrisehe
483 2800 677 2836 Kaufleute
702 2801 773 2835 und
800 2802 956 2845 syrische
975 2802 1182 2838 Faktoreien
1207 2815 1318 2839 waren
1351 2805 1385 2838 in
1413 2804 1472 2840 der
1499 2806 1696 2842 Kaiserzeit
1725 2819 1786 2842 un-

232 2858 354 2903 gefahr
378 2858 505 2894 ebenso
530 2859 663 2895 iiberall
690 2872 734 2895 zu
754 2861 882 2903 finden,
904 2863 967 2897 wie
996 2863 1028 2896 in
1057 2863 1122 2898 den
1150 2864 1267 2899 fernen
1282 2865 1413 2900 Zeiten.
1440 2876 1506 2900 von
1533 2866 1641 2902 denen
1658 2867 1787 2902 Homer

233 2918 387 2953 erzahlt“
419 2920 480 2964 (cf.
507 2921 760 2956 Mommsenum
792 2923 812 2957 l.
839 2923 888 2963 19).
917 2944 958 2947 ἡ
986 2923 1200 2967 permagnus
1224 2924 1387 2969 Syrorum
1415 2937 1590 2968 numerus,
1611 2929 1670 2972 qui
1697 2928 1785 2963 Con-

233 2979 371 3014 cordiae
398 2981 621 3015 inveniuntur
647 2985 704 3027 (cf.
734 2983 893 3018 Momms.
924 2985 945 3018 1.
973 2985 994 3018 1.
1024 2997 1053 3028 p.
1082 2986 1157 3025 467,
1185 2986 1219 3027 3)
1247 2986 1550 3021 ratiocinationem
1568 2987 1609 3022 de
1624 2989 1786 3033 Aquileia
