2034 3382
944 259 1228 300 -23-.

318 375 556 411 mentorum
615 371 883 424 quorundam
950 371 1137 425 reliquiis
1191 372 1387 414 facillime
1452 373 1639 426 potuisse
1698 373 1866 427 augeri;

318 440 430 482 velut
470 442 737 483 marmorarii
781 442 1036 496 opificesquo
1082 442 1279 497 lapidarii
1318 459 1447 498 opera
1481 444 1693 498 quaedam
1726 444 1866 486 viden-

317 516 387 553 tur
427 512 656 555 confecisse
694 513 916 555 nobilitate
961 530 1009 555 ac
1050 514 1366 569 magnificentia
1409 530 1543 570 aeque
1585 516 1867 569 admirabilia,

317 584 637 638 mussivariique
697 589 940 627 straverunt
999 586 1274 628 vermiculata
1336 588 1578 641 pavimenta
1637 588 1868 642 pulcherri-

318 670 383 696 me
428 657 672 710 composita.
748 657 833 698 Sed
881 672 974 698 cuni
1009 658 1290 699 dubitandum
1332 659 1395 700 vel
1433 660 1614 702 maxime
1657 661 1729 711 sit,
1766 675 1867 702 num

316 727 487 769 uberior
535 729 662 769 etiam
710 729 861 770 harum
911 745 1052 771 reruni
1104 732 1305 772 tractatio
1352 745 1595 785 expressam
1640 733 1866 787 imaginem

321 799 532 842 redderet.
567 804 654 841 tum
686 802 951 854 potissimum
976 803 1078 843 istas
1111 808 1224 843 artes
1249 801 1517 856 sabricasque
1549 818 1598 844 eo
1618 805 1753 859 magis
1783 805 1868 846 iam

317 872 522 913 faciamus
554 873 717 924 missas,
744 874 944 927 quoniam
977 873 1057 915 liae
1088 889 1154 916 res
1188 875 1320 916 levius
1351 875 1647 917 tantummodo
1670 875 1726 917 ad
1757 891 1867 918 com-

317 945 518 986 mercium
550 945 746 986 videntur
776 946 995 988 faciendae
1020 962 1119 988 esse.
1182 947 1383 1001 Namque
1416 954 1462 989 ut
1500 952 1710 1003 repetam,
1754 949 1868 1003 quod

316 1017 482 1070 saepius
513 1018 647 1071 posui.
683 1019 981 1060 commercium
1015 1034 1090 1073 per
1109 1019 1355 1073 Aquileiam
1390 1019 1548 1063 factum
1573 1021 1868 1063 maxime'fuit

316 1089 497 1142 positum
531 1090 570 1130 in
605 1105 748 1131 rerum
781 1091 989 1133 venalium
1023 1093 1346 1135 transvectione.
1410 1093 1565 1147 Itaque
1601 1094 1685 1135 iam
1718 1107 1868 1147 perga-

315 1176 407 1202 mus
435 1163 580 1215 paucis
612 1162 892 1206 adumbrare.
934 1179 1040 1217 quas
1083 1179 1243 1206 merces
1277 1181 1326 1207 ex
1358 1165 1533 1207 meridie
1577 1167 1759 1207 maxime
1797 1165 1869 1207 ob-

314 1234 425 1276 latas
458 1249 547 1276 esse
573 1236 847 1277 inveniamus.

451 1321 681 1363 Probabile
726 1326 868 1364 autem
918 1328 981 1363 est
1026 1323 1080 1364 ad
1122 1325 1479 1366 transvectionem
1524 1323 1576 1365 ab
1623 1324 1703 1365 hac
1746 1327 1869 1378 parte

315 1392 472 1434 factam
505 1393 691 1436 Galliam
727 1395 987 1449 cisalpinam,
1020 1397 1234 1450 regionem
1264 1397 1640 1451 opulentissimam,
1664 1396 1868 1451 plurimas

315 1479 382 1506 res
412 1465 671 1519 praebuisse.
723 1468 1048 1509 FIorentissima
1076 1467 1158 1511 fuit
1180 1470 1220 1510 in
1247 1468 1534 1523 compluribus
1558 1467 1722 1522 oppidis
1745 1468 1867 1510 lanae

315 1536 478 1579 fabrica
514 1544 768 1593 praeterque
811 1555 997 1595 gausape
1040 1541 1143 1582 illud
1175 1541 1431 1583 Patavinum
1474 1545 1641 1582 constat
1683 1555 1732 1582 ex
1779 1545 1866 1582 tex-

314 1610 436 1651 trinis
486 1611 729 1653 clarissimis
776 1612 971 1662 Parmae,
1026 1613 1228 1663 Mutinae,
1281 1614 1430 1664 Altini,
1480 1613 1679 1655 Veronae
1727 1612 1866 1654 nobile

314 1682 543 1724 lanificium
597 1685 849 1726 commercio
901 1686 1189 1739 suppetivisse.
1270 1685 1458 1740 Figlinas
1484 1685 1617 1727 haud
1662 1684 1867 1740 ignobiles

314 1753 556 1796 habuerunt
586 1755 754 1798 Mutina
795 1762 836 1798 et
868 1757 1098 1809 Pollentia,
1140 1759 1374 1801 clarissima
1416 1773 1514 1800 vero
1555 1758 1727 1800 fuerunt
1765 1771 1867 1799 vasa

314 1825 532 1876 Arretina,
566 1827 607 1868 in
630 1827 806 1869 Arretio
840 1830 1068 1884 municipio
1101 1830 1266 1879 factal)
1330 1831 1477 1885 Atque
1505 1829 1866 1885 splendidissimas

315 1912 574 1953 operumque
606 1901 836 1955 multorum
870 1901 1027 1944 fertiles
1058 1903 1279 1945 verisimile
1321 1908 1384 1945 est
1420 1903 1550 1945 fuisse
1593 1907 1635 1944 et
1675 1901 1867 1944 officinas

314 1971 515 2022 aerarias,
563 1986 672 2026 quae
703 1972 922 2025 Mantuae,
955 1973 1077 2017 Comi
1112 1974 1393 2018 Concordiae.
1437 1975 1649 2018 Veronae.
1693 1978 1735 2015 et
1762 1974 1866 2028 liny-

315 2043 426 2097 phia,
458 2058 567 2097 quae
597 2044 829 2087 Ravennae
860 2061 936 2100 pro
963 2046 1063 2088 fisco
1079 2046 1286 2090 Caesaris
1318 2047 1677 2101 exercebantur.‘2)
1737 2045 1866 2088 Deni-

315 2130 397 2169 que
430 2116 604 2157 eximius
631 2117 698 2158 ille
734 2119 920 2160 omnium
950 2133 1092 2161 rerum
1125 2120 1261 2171 favor,
1294 2135 1377 2174 quo
1410 2121 1650 2161 universam
1677 2117 1862 2162 Galliam

315 2187 562 2241 cisalpinam
605 2204 708 2242 prae
747 2191 899 2232 ceteris
941 2191 1092 2233 ltaliae
1124 2192 1367 2247 regionibus
1398 2192 1453 2234 ad
1485 2182 1674 2233 extrema
1700 2189 1863 2244 imperii

454 2313 480 2357 ¹)
507 2316 547 2349 ct
575 2316 842 2360 Marquaiwltum
871 2318 961 2351 Priv.
991 2317 1070 2351 heb.
1100 2329 1129 2361 1».
1157 2320 1233 2353 66⁴¹.
1263 2339 1303 2342 -—
1333 2320 1427 2359 Quae
1454 2329 1537 2353 vasa
1564 2321 1604 2352 ut
1640 2316 1865 2351 inveniuntur

315 2373 407 2418 apud
435 2374 664 2410 Tarraconem
691 2378 748 2414 (cf.
778 2376 855 2411 CIL
887 2378 929 2412 ΙΙ.
956 2378 1056 2417 4970,
1085 2379 1178 2419 519),
1205 2378 1256 2412 ita
1283 2377 1375 2412 haud
1405 2380 1533 2413 temere
1553 2377 1638 2411 mihi
1670 2374 1788 2410 videor
1812 2375 1864 2408 iu·

316 2434 431 2470 dicare
457 2435 605 2469 advecta
630 2447 705 2470 esse
733 2448 773 2471 ea
797 2449 818 2471 a
853 2438 1136 2481 negotiatoribus
1171 2439 1259 2472 artis
1295 2439 1463 2472 cretariae
1501 2448 1559 2481 per
1587 2434 1791 2480 Aquileiam
1829 2436 1863 2469 iu
1897 2473 1901 2475 λ

318 2495 544 2530 Danuvianas
582 2507 721 2540 quoque
757 2498 965 2540 provincias.
1023 2499 1064 2532 cf.
1096 2498 1171 2533 CIL
1204 2499 1274 2533 111.
1311 2499 1410 2533 5833.
1438 2518 1481 2522 —
1515 2497 1678 2532 Ceterum
1704 2495 1864 2530 officinas

315 2555 500 2590 laterarias
527 2556 763 2601 doliariasquc
790 2560 825 2591 et
847 2558 990 2601 figlinas
1014 2559 1048 2591 in
1075 2558 1163 2601 ipsis
1184 2558 1372 2602 Aquileiae
1392 2559 1487 2603 agris
1513 2567 1640 2602 magno
1662 2559 1701 2590 ut
1724 2555 1864 2590 videtur

319 2626 460 2651 numero
489 2617 613 2658 fuisse,
649 2616 891 2652 demonstrant
927 2619 1071 2652 inventa
1105 2618 1277 2663 quaedam
1309 2618 1402 2662 apud
1436 2617 1555 2652 urbem
1583 2618 1678 2651 facta
1702 2616 1759 2661 (cf.
1786 2616 1862 2651 CIL

317 2676 361 2716 V,
388 2677 487 2718 8110,
517 2678 720 2718 169-17-3).
772 2678 932 2722 Figlinas
959 2683 1077 2712 autem
1109 2678 1270 2713 videntur
1299 2678 1464 2722 permulti
1491 2676 1665 2713 habuisse.
1692 2679 1733 2711 ut
1757 2676 1863 2712 fabri-

317 2739 438 2772 carent
465 2748 565 2776 vasa.
606 2738 734 2782 quibus
760 2739 1023 2783 copiosissimos
1046 2750 1209 2783 agrorum
1238 2739 1373 2774 fruetus
1407 2740 1629 2782 exportarent
1668 2738 1725 2779 (cf.
1755 2737 1861 2782 Digg.

317 2799 346 2838 8,
373 2799 404 2839 3,
429 2800 471 2831 (iz
497 2800 589 2833 sicut
616 2799 649 2832 in
676 2798 885 2843 quibusdam
915 2799 965 2840 tit,
991 2801 1031 2832 ut
1055 2799 1232 2843 amphoris
1262 2800 1379 2833 vinum
1410 2798 1588 2834 evehatur.
1611 2801 1674 2833 aut
1700 2801 1741 2833 ut
1767 2798 1863 2833 dolia

318 2859 420 2901 fiant;
446 2860 489 2893 es.
511 2860 614 2903 Digg‚
643 2860 696 2899 33,
724 2860 754 2900 7,
780 2860 840 2893 25:
868 2859 1028 2900 Quidam,
1055 2870 1132 2893 eum
1160 2859 1194 2892 iu
1215 2858 1322 2893 fundo
1345 2859 1486 2902 figlinas
1504 2858 1657 2900 haberet,
1673 2858 1861 2903 figulorum

319 2930 422 2963 opera
449 2919 577 2953 maiore
605 2923 702 2963 parte
729 2920 810 2954 anni
839 2919 883 2954 ad
909 2930 996 2963 opus
1023 2920 1193 2954 rusticum
1220 2919 1396 2954 utebatur.

457 2977 482 3022 ²)
510 2977 704 3020 Bluomuer,
731 2976 900 3013 Gewerbl.
927 2978 1089 3023 'l‘hatigkz
1115 2989 1195 3023 pag.
1219 2978 1271 3013 98.
