2034 3382
943 355 992 358 --
1054 330 1224 371 26-

309 444 399 485 sola
430 444 518 485 fere
550 443 783 499 haberet1).
847 443 931 485 Sed
964 458 1093 497 opera
1121 448 1162 485 et
1191 443 1380 485 arteficia
1409 459 1457 485 ac
1484 445 1664 485 cuiusvis
1695 444 1860 498 generis

307 516 638 570 suppellectilem
685 516 876 570 quamvis
918 516 1038 557 vilem
1075 520 1222 570 utpote
1259 530 1367 569 quae
1405 531 1471 558 res
1503 516 1722 559 Celtarum
1753 516 1861 560 Ger-

308 601 615 642 manorumque
649 588 812 630 animos
845 588 1044 629 facillime
1084 588 1356 639 delectarent,
1399 602 1553 643 magno
1599 603 1774 631 numero
1805 589 1861 630 ad

309 659 492 702 Noricos
525 664 566 701 et
594 659 876 711 Pannonicos,
919 664 1068 714 postea
1100 675 1197 701 vero
1240 659 1295 701 ad
1327 659 1536 702 barbaros
1577 662 1704 703 etiam
1742 666 1861 702 trans

310 732 557 774 Danubium
590 732 856 788 incolentes2)
889 732 1004 773 haud
1033 737 1192 774 temere
1216 732 1481 774 concluditur
1503 732 1734 787 adportata
1759 747 1860 776 esse.

310 804 458 858 Atque
488 808 534 845 ut
565 804 789 846 verisimile
822 809 885 846 est
906 805 1076 846 illarum
1105 819 1246 847 rerum
1269 805 1499 846 maximam
1522 805 1603 846 vim
1626 819 1651 846 a
1672 807 1861 860 negotia-

309 876 472 918 toribus
504 877 544 916 in
580 875 900 918 celeberrimum
941 878 1174 931 emporium
1206 877 1335 919 fuisse
1376 881 1581 928 coactam,
1627 878 1687 919 ita
1726 878 1861 920 altera

311 963 360 989 ex
390 951 514 1002 parte
544 947 660 989 haud
691 947 860 990 difficile
891 949 1152 1003 intelligitur,
1185 950 1322 1003 ipsam
1352 948 1501 991 urbem
1534 964 1699 991 summa
1729 950 1862 992 homi-

310 1035 411 1062 num
455 1019 694 1074 frequentia
743 1025 914 1062 auctam
960 1026 1002 1063 et
1040 1025 1217 1076 propter
1261 1023 1522 1064 necessarios
1553 1022 1664 1064 vitae
1690 1036 1791 1064 usus
1822 1028 1864 1065 et

313 1097 489 1148 propter
512 1093 751 1135 commercii
774 1093 1023 1136 facilitatem
1051 1095 1475 1149 opportunitatesque
1507 1094 1705 1137 habuisse
1735 1095 1864 1149 pluri-

311 1180 401 1208 mas
435 1169 548 1208 artes
580 1165 791 1208 florentes.

449 1238 548 1280 Non
581 1252 780 1280 enumero
821 1238 1008 1292 singulos
1049 1240 1268 1293 operarios
1305 1243 1435 1293 atque
1477 1238 1673 1291 artifices,
1711 1240 1782 1293 qui
1821 1241 1863 1281 in

310 1311 443 1353 titulis
464 1314 894 1362 commemorantur3).
957 1311 1044 1353 Sed
1074 1311 1190 1352 illam
1221 1312 1363 1365 placet
1395 1311 1645 1354 subnectere
1675 1311 1864 1354 animad-

310 1384 561 1433 versionem,
606 1382 721 1437 quod
759 1384 926 1437 saepius
959 1387 1202 1424 occurrunt
1254 1397 1328 1424 eae
1379 1384 1570 1437 inprimis
1620 1387 1756 1434 artes,
1809 1383 1865 1424 ad

312 1471 417 1510 quas
464 1456 594 1510 ipsius
642 1456 826 1509 regionis
874 1460 1030 1497 natura
1079 1460 1207 1510 atque
1253 1470 1353 1509 opes
1403 1456 1525 1510 quasi
1564 1455 1863 1510 spectabant4).

312 1529 437 1584 Quod
481 1528 652 1583 opifices
695 1529 946 1583 plerumque
990 1528 1184 1570 videntur
1230 1528 1428 1570 habuisse
1469 1528 1646 1582 collegia
1691 1542 1758 1570 res
1801 1533 1865 1570 est

314 1605 456 1643 aetate
487 1602 794 1655 imperatorum
828 1601 1010 1642 maxime
1043 1601 1241 1655 frequens
1282 1602 1524 1655 optimeque
1562 1615 1657 1642 cum
1683 1601 1863 1643 aliarum

311 1674 479 1716 urbium
512 1674 714 1715 institutis
747 1674 1009 1715 conveniens.
1073 1674 1158 1716 Sed
1192 1679 1238 1716 ut
1269 1674 1443 1728 paulum
1467 1688 1516 1715 ea
1547 1688 1614 1715 res
1639 1674 1694 1715 ad
1716 1689 1864 1728 quaes-

312 1747 446 1788 tiones
489 1750 657 1787 nostras
697 1745 982 1800 expediendas
1021 1747 1217 1800 pertinet,
1260 1748 1319 1788 ita
1364 1759 1502 1800 pauca
1541 1745 1772 1788 admodum
1813 1746 1864 1788 de

311 1819 382 1861 illa
410 1819 521 1860 tituli
554 1822 745 1860 narrant.
806 1819 988 1860 Praeter
1033 1819 1255 1873 collegium
1304 1818 1712 1874 naviculai·iorum5),
1750 1819 1866 1874 quod

312 1906 394 1932 non
429 1891 564 1933 solum
599 1892 845 1942 maritimas,
890 1905 1033 1933 verum
1067 1892 1194 1933 etiam
1228 1891 1561 1933 mediterraneas
1598 1890 1725 1932 urbes
1754 1891 1866 1932 vide-

314 1979 406 2005 mus
426 1964 541 2005 haud
565 1978 662 2006 raro
686 1952 897 2017 habuisse,
921 1969 1150 2006 occurrunt
1167 1965 1323 2006 lotores
1346 1964 1567 2017 collegium
1586 1963 1865 2019 efficientem),

452 2092 476 2133 ¹)
503 2092 593 2126 l’lin.
625 2103 655 2125 n.
685 2092 717 2124 11.
744 2092 837 2132 MV,
868 2093 894 2132 1,
921 2092 951 2124 3.
1002 2090 1116 2125 Strab.
1146 2091 1202 2125 lv.
1229 2093 1260 2132 (ei,
1287 2093 1318 2124 z.
1348 2090 1385 2124 V.
1414 2091 1442 2130 l,
1464 2094 1495 2122 δ’.

454 2153 480 2191 ²)
507 2153 761 2187 (Jonnnereium
788 2155 886 2186 trans
913 2151 1113 2186 Danubium
1152 2162 1229 2186 cum
1260 2149 1513 2185 Hermunduris
1546 2154 1582 2184 et
1608 2150 1865 2185 Marcomannis

315 2216 446 2249 iactum
488 2225 562 2248 csse
595 2212 773 2257 significat
812 2213 891 2247 Tac.
928 2213 1017 2247 Ami.
1060 2212 1105 2249 ΙΙ,
1134 2213 1187 2245 62.
1247 2210 1362 2245 Germ.
1389 2221 1415 2244 c.
1438 2211 1490 2243 41.
1555 2212 1597 2245 ct'.
1634 2211 1740 2245 etiam
1776 2222 1864 2255 quae

315 2274 554 2309 Kaemmelius
587 2274 737 2308 disserat
772 2275 806 2307 in
839 2273 939 2315 libri,
977 2283 1078 2317 quem
1119 2273 1258 2316 saepius
1294 2271 1362 2305 iam
1395 2273 1660 2306 commemoravi
1706 2272 1864 2315 inprimis

315 2346 387 2379 cap.
414 2335 449 2369 II
478 2337 512 2369 et
539 2335 600 2368 III.

455 2395 480 2431 ³³)
518 2396 684 2440 Magnum
712 2407 829 2430 eorum
865 2405 1044 2429 numerum
1079 2392 1234 2428 invenies
1267 2392 1500 2436 compositum
1526 2390 1619 2435 apud
1644 2390 1863 2432 Maionicam,

319 2455 442 2501 Aquil.
470 2468 500 2500 p.
529 2456 583 2498 28,
611 2467 712 2500 quem
741 2456 782 2490 ad
814 2466 994 2490 numerum
1022 2454 1194 2489 accedunt
1228 2452 1369 2497 opifices
1396 2451 1585 2486 titulorum
1611 2451 1864 2495 permultorum
1892 2473 1894 2475 -

317 2517 512 2560 nuperrime
549 2518 773 2559 repertorum.
827 2517 868 2550 οῖ’.
909 2515 1134 2551 Maionicam,
1176 2514 1293 2557 Epigr.
1340 2524 1370 2555 p.
1411 2513 1431 2544 S
1475 2522 1560 2556 sqq..
1605 2510 1712 2545 Arch.
1756 2512 1864 2557 epigr.

317 2577 411 2611 Mitt.
439 2577 491 2611 IX
517 2587 592 2621 sqq.

455 2638 482 2680 ἰ)
520 2637 636 2671 Veluti
671 2638 811 2681 saepius
848 2637 1006 2681 inprimis
1039 2637 1276 2670 memorantur
1303 2634 1457 2669 cuiusvis
1491 2633 1628 2675 generis
1660 2632 1802 2677 opifices
1830 2633 1865 2667 in

318 2698 407 2732 aeris
434 2698 567 2732 fabrica
592 2699 772 2731 versantes
797 2695 1010 2740 (dolabmrii,
1045 2706 1227 2730 excusores
1258 2693 1448 2739 argentarii
1471 2695 1564 2735 σθω.
1614 2692 1657 2728 cf.
1685 2691 1782 2727 Indd.
1809 2703 1865 2738 ap.

319 2760 520 2803 Gregorutt,
549 2760 583 2792 et
609 2758 643 2791 in
671 2756 756 2792 CIL.

458 2818 483 2859 ³)
511 2816 644 2861 Colleg.
671 2817 821 2852 navicul.
852 2816 973 2860 Aquil.
1000 2828 1053 2861 ap.
1082 2816 1252 2876 Omnium
1279 2826 1310 2849 n.
1341 2814 1437 2847 4082.
1497 2813 1659 2847 Ceterum
1687 2812 1728 2847 ef.
1754 2812 1864 2857 Marq.

324 2879 412 2912 l'riv.
439 2878 476 2911 Il.
504 2878 567 2911 -104
595 2888 668 2921 sqq.

460 2938 486 2974 ¹⁴)
512 2936 671 2972 Gentiles
698 2935 883 2971 Artoriani
911 2937 1041 2971 lotores
1066 2936 1188 2975 ClLV,
1217 2936 1292 2969 Sol.
1323 2956 1354 2958 >ff
1385 2935 1463 2969 Non
1487 2937 1666 2979 praetereo
1688 2933 1753 2967 hoc
1777 2933 1865 2974 loco,

321 2997 363 3031 :nl
390 2998 488 3032 lanae
516 2997 682 3031 fabricam
709 2998 742 3030 in
770 2998 847 3040 ipsa
867 2996 1144 3041 Aquileiensium
1172 2995 1255 3030 urbe
1288 2996 1479 3039 posteriore
1506 2997 1624 3030 aetate
1649 2992 1691 3028 ab
1719 2994 1864 3038 impera-

323 3056 458 3091 toribus
485 3056 593 3091 fuisse
619 3067 831 3102 gynaeceum
857 3056 1082 3097 institutum,
1116 3056 1171 3090 cui
1204 3055 1399 3089 invenimus
1435 3055 1560 3099 quinto
1592 3054 1698 3089 etiam
1724 3052 1863 3088 saeculo
