2034 3382
898 265 1178 305 ,35-

267 380 308 421 id
339 379 452 434 quod
477 380 631 421 artium
653 377 926 431 fabricaeque
959 380 1140 421 cuiusvis
1166 380 1306 421 studio
1329 380 1556 421 maximum
1580 379 1811 434 periculum

265 452 460 505 attulitss)

403 523 526 565 Haeo
561 522 649 563 fere
682 521 760 563 fuit
791 523 987 564 universa
1020 528 1259 577 temporum
1294 523 1443 571 l'aeies;
1484 522 1686 576 Aquileia
1719 536 1814 563 vero

265 595 377 647 urbs,
408 599 456 647 ut
486 609 615 650 supra
647 595 732 637 iam
767 595 864 647 dixi,
897 596 989 649 ipsa
1023 610 1191 649 quoque
1224 595 1378 636 iterum
1415 610 1464 636 ae
1496 594 1663 648 saepius
1695 593 1815 635 vehe-

263 667 519 710 mentissime
563 671 714 709 vexata
756 671 885 721 atque
932 671 1181 721 oppugnata
1225 671 1300 709 est.
1362 666 1460 708 Non
1498 680 1699 708 enumero
1735 665 1815 707 hoe

260 741 352 782 loco
392 739 707 782 multitudinem
734 739 1006 794 proeliorum,
1054 753 1163 793 quae
1200 739 1242 780 in
1273 738 1389 781 urbis
1421 753 1553 793 prope
1585 742 1815 793 conspeetu

262 811 648 867 ‹lece1·taba11tu1·.2)
714 811 835 855 Vidit
882 812 991 853 enim
1036 811 1138 853 urbs
1181 813 1322 854 onmia
1365 812 1436 853 illa
1468 812 1627 853 seelera
1663 825 1814 866 resque

262 884 548 935 foedissimas,
589 900 695 940 quas
727 885 824 926 inde
863 900 888 926 a
934 884 1043 926 bello
1091 885 1202 927 iuter
1233 884 1505 927 Constantini
1548 884 1654 926 lilios
1694 888 1814 938 gesto

260 973 394 1013 usque
425 959 481 1001 ad
508 957 737 1000 Theodosii
768 958 992 1012 imperium
1026 958 1320 1000 Romanorum
1351 959 1560 1000 exereitus
1589 973 1672 1000 non
1703 971 1812 998 vere-

265 1030 422 1074 bantur
453 1033 494 1073 in
524 1046 568 1074 se
599 1030 836 1073 admittere.
897 1030 949 1072 In
981 1031 1234 1073 tumultibus
1264 1031 1345 1073 illis
1378 1031 1620 1073 domesticis
1650 1045 1814 1073 summa

262 1106 300 1147 vi
333 1109 580 1160 oppugnata
623 1104 876 1159 saepiusque
918 1104 972 1146 ab
1013 1103 1201 1146 efferatis
1232 1103 1435 1146 militibus
1467 1105 1714 1159 gravissime
1743 1119 1814 1159 op-

260 1193 387 1234 presa
418 1178 498 1220 fuit
540 1177 641 1220 urbs
671 1177 799 1232 paulo
832 1181 928 1232 post
959 1177 1244 1219 barbarorum
1285 1178 1415 1218 armis
1447 1178 1655 1232 opposita.
1705 1193 1813 1232 quae

261 1251 400 1293 denuo
448 1255 678 1306 coeperunt
723 1250 877 1292 Italiae
925 1249 1183 1305 obstrepere.
1252 1249 1341 1291 Illis
1392 1250 1672 1305 temporibus,
1719 1266 1813 1293 eum

260 1324 388 1380 paulo
412 1328 511 1366 ante
533 1323 776 1367 Gothorum
794 1323 966 1377 agmina
986 1327 1122 1365 totam
1143 1322 1317 1365 Italiam
1340 1322 1624 1378 diripuissent,
1659 1323 1813 1367 accidit

260 1398 402 1449 etiam,
421 1401 467 1439 ut
482 1396 707 1438 Pannonia
725 1396 943 1451 provincia
961 1395 1282 1450 opulentissima
1295 1395 1466 1438 Hunnis
1482 1396 1812 1450 permitteretur.

258 1469 311 1511 In
335 1473 457 1511 tanta
477 1483 619 1510 rerum
639 1468 916 1510 adversarum
940 1468 1211 1510 multitudine
1230 1469 1481 1523 gravissima
1498 1467 1679 1523 denique
1698 1468 1813 1510 urbis

258 1541 495 1583 devastatio
527 1555 603 1595 per
619 1539 804 1583 Hunnos
835 1540 950 1582 faeta
976 1540 1095 1582 nihili
1127 1541 1207 1583 nisi
1235 1545 1425 1583 extrema
1447 1542 1557 1583 inter
1579 1556 1646 1583 res
1678 1556 1812 1596 aeque

255 1614 518 1669 perniciosas
546 1613 712 1656 videtur
743 1612 883 1664 fuisse,
915 1627 1001 1668 qua
1028 1613 1210 1667 denique
1245 1629 1290 1655 re
1323 1613 1527 1668 Aquileia
1558 1615 1811 1657 commercio

257 1685 372 1729 nuda
408 1690 537 1740 atque
572 1686 629 1728 ad
668 1686 888 1728 interitum
918 1685 1168 1728 iamdudum
1207 1685 1354 1728 labens
1385 1687 1507 1741 quasi
1536 1701 1620 1728 uno
1651 1687 1811 1741 impetu

257 1763 300 1801 et
330 1758 492 1801 excidio
525 1758 808 1801 evertebatur.
870 1757 994 1800 Licet
1022 1757 1123 1800 urbs
1155 1773 1206 1799 ex
1235 1757 1316 1800 hae
1348 1757 1592 1800 calamitate
1621 1759 1811 1813 aliquan-

257 1836 345 1874 tum
372 1832 509 1873 denuo
537 1831 698 1873 refecta
731 1831 804 1873 sit:
836 1835 949 1873 certe
982 1830 1098 1872 nulla
1117 1845 1306 1884 unquam
1335 1834 1477 1873 aetate
1509 1831 1711 1885 antiquus
1742 1830 1810 1872 ille

256 1904 432 1959 emporii
465 1902 664 1958 splendor
696 1902 752 1945 ad
782 1903 877 1945 loca
904 1903 1085 1945 maxime
1119 1902 1334 1957 quondam
1366 1902 1642 1945 celeberrima
1675 1902 1809 1946 rediit.

255 1976 621 2034 Memoriamyero
651 1976 762 2017 illius
794 1975 1031 2030 splendoris
1064 1979 1105 2017 et
1124 1975 1346 2017 clarissimi
1370 1976 1649 2030 principatus,
1683 1991 1809 2030 quem

257 2049 459 2104 Aquileia
479 2063 555 2103 per
573 2048 792 2103 complura
811 2048 981 2091 saecula
1013 2049 1054 2090 iu
1084 2048 1165 2090 illis
1195 2047 1441 2103 regionibus
1474 2047 1668 2099 obtinuit,
1700 2049 1809 2091 tuita

256 2125 319 2163 est
348 2121 434 2176 {per
476 2121 650 2176 longum
680 2122 883 2176 temporis
916 2122 1099 2176 spatium
1133 2124 1282 2163 saneta
1314 2121 1509 2171 ecclesia,
1559 2135 1654 2162 cum
1687 2122 1808 2175 quasi

254 2194 497 2237 commercii
512 2194 650 2237 Genio
666 2194 895 2236 succedens
922 2209 971 2236 ex
1001 2194 1099 2236 sede
1130 2194 1408 2248 patriarchali
1434 2194 1519 2235 iam
1548 2193 1680 2235 multo
1708 2199 1807 2235 aute

253 2267 311 2310 ibi
357 2268 553 2310 instituta
601 2282 722 2310 suum
763 2268 1048 2323 principatum
1096 2282 1354 2323 magnopere
1404 2273 1493 2309 tum
1541 2273 1718 2322 augeret
1767 2273 1806 2309 et

253 2344 529 2395 propagaret.

389 2470 415 2513 ¹)
441 2471 484 2506 cf.
513 2469 733 2511 Schillerum,
762 2470 859 2505 Rom.
887 2470 1085 2505 Kaiserzeit
1119 2470 1164 2511 11,
1191 2471 1267 2504 ‹ii-5.

389 2528 415 2568 ’ἢ
440 2531 482 2564 ef.
511 2530 756 2573 Czoeruigium
785 2530 807 2564 l.
835 2530 856 2564 Ι.
884 2541 915 2574 p.
946 2532 1007 2564 177
1036 2542 1122 2575 sqq,
1153 2530 1380 2571 Schillerum,
1410 2530 1507 2565 Hem.
1535 2530 1733 2566 Kaiserzcit.
1760 2531 1804 2572 11,

251 2590 327 2630 2110,
355 2590 434 2633 321,
462 2590 538 2625 407.
