2034 3382
872 260 915 264 -,.
985 236 1038 276 33
1102 260 1154 265 -

234 352 363 395 nobili
381 357 504 395 natos
527 366 611 394 non
631 350 847 393 dubitasse
873 364 968 391 cum
988 349 1130 391 infimo
1149 348 1296 391 ordine
1317 348 1579 391 connubium
1600 347 1784 399 habere).

231 425 513 481 Perspicuum
534 428 675 466 autem
694 428 758 464 cst
775 437 868 464 eam
888 437 1050 464 morum
1073 422 1313 464 libertatem
1332 421 1613 476 ordinumque
1631 433 1785 474 acqua-

232 499 396 541 litatem
410 495 525 538 haud
548 495 818 537 mediocriter
842 495 1031 537 debit-ani
1062 509 1151 536 esse
1184 493 1334 548 opibus
1352 492 1786 547 splendidissimisque

231 570 399 620 divitiis,
428 570 555 623 'quae
598 582 619 610 e
660 569 912 610 commercio
958 568 999 609 in
1047 567 1237 609 homines
1281 565 1481 607 inferiore
1526 565 1618 606 loco
1661 568 1784 606 natos

234 640 547 686 redundabant.
607 640 702 696 Quo
735 640 893 682 factum
927 644 1004 692 est,
1037 644 1097 691 ut,
1131 639 1202 693 qui
1232 652 1387 693 genere
1409 636 1613 692 ignobiles
1632 640 1782 688 essent,

234 714 414 770 pecunia
444 713 695 755 exsisterent
726 713 1006 768 potentissimi
1038 715 1166 766 atque
1207 711 1391 753 illustres
1431 710 1785 764 optimatiumque

227 785 282 828 ad
305 790 473 840 tempus
491 785 646 827 aemuli
666 785 870 839 paulatim
892 785 1127 838 inciperent
1144 797 1238 825 cum
1258 784 1306 825 iis
1325 783 1607 835 coalescere2).
1670 780 1785 823 Huic

227 859 392 901 civitati
426 872 553 912 quam
586 856 808 912 splendida
836 857 1022 898 omnium
1068 871 1208 898 rerum
1254 855 1471 910 opulentia
1508 854 1783 909 suppetiverit

229 930 499 985 cognoscitur
531 934 572 971 et
604 944 654 971 ex
684 927 922 983 sumptibus
952 943 1029 982 pro
1060 928 1165 970 urbo
1197 932 1325 983 atque
1348 927 1566 982 republica-
1593 926 1716 969 factis
1741 931 1782 969 et

227 1018 278 1045 ex
303 1002 455 1057 insigni
479 1003 656 1055 ratione,
689 1015 773 1056 qua
792 1001 869 1042 viri
893 1000 944 1042 de
968 1001 1109 1055 patria
1127 1001 1233 1042 bene
1252 1000 1391 1042 meriti
1405 999 1780 1054 honorabantur-⁶⁴).

368 1074 466 1117 Non
498 1088 732 1130 persequar
747 1074 815 1116 hic
847 1074 1015 1129 singula
1047 1074 1289 1128 opulentiae
1306 1074 1495 1128 vestigia,
1525 1086 1634 1127 quae
1666 1076 1708 1114 et
1738 1073 1779 1114 in

226 1147 447 1202 permultis
488 1147 604 1189 urbis
655 1146 844 1202 reliquiis
885 1147 1228 1202 scriptorumque
1272 1144 1616 1188 enarrationibus
1657 1144 1781 1187 obvia

224 1224 322 1262 sunt
344 1224 385 1262 et
410 1221 451 1262 in
481 1219 778 1262 florentissimo
796 1220 1049 1262 commercio
1072 1219 1239 1261 facilem
1258 1217 1418 1260 habent
1437 1217 1778 1272 explicationem3

225 1295 447 1346 praetereo
479 1293 606 1334 etiam
638 1291 819 1345 silentio,
850 1291 952 1347 quid
985 1291 1284 1334 commercium
1315 1290 1552 1333 incolarum
1570 1290 1780 1345 pertinue-

222 1367 278 1408 rit
305 1365 360 1408 ad
389 1365 733 1408 commutandam
751 1365 1097 1420 miscendamque
1115 1364 1290 1407 deorum
1307 1364 1564 1419 opinionem3
1599 1363 1779 1418 denique

224 1453 307 1481 non
339 1451 498 1492 quaero
529 1436 581 1480 de
614 1437 809 1480 omnibus
838 1438 888 1479 iis
911 1437 1051 1490 rebus,
1086 1451 1195 1493 quae
1222 1437 1520 1480 commercium
1539 1436 1661 1491 quasi
1683 1436 1779 1478 sub-

226 1513 462 1564 sequuntur
493 1513 622 1564 atque
655 1524 705 1552 ex
737 1511 828 1552 eius
858 1509 1002 1552 favore
1034 1509 1228 1552 videntur
1258 1522 1445 1560 manare,
1487 1507 1560 1550 sed
1597 1507 1649 1550 de
1689 1508 1779 1562 ipso

220 1580 553 1636 Aquileiensium
608 1582 860 1624 commercio
907 1582 1011 1624 mihi
1055 1582 1258 1637 proposui
1315 1594 1535 1636 exponere.
1622 1579 1779 1635 Itaque

222 1653 422 1709 quoniam
468 1653 520 1695 de
558 1653 804 1696 condicione
854 1658 1011 1697 natura
1053 1653 1348 1710 magnitudine
1391 1653 1632 1695 commercii
1673 1653 1777 1695 satis

221 1725 402 1767 diximus
430 1725 694 1781 vidimusque
724 1726 951 1782 Aquileiae
985 1731 1272 1770 mercaturam
1302 1724 1650 1776 efflorescentem,
1691 1725 1776 1766 iam

221 1797 427 1852 paulatim
464 1798 746 1841 intereuntem
787 1800 934 1854 paucis
981 1799 1242 1842 delineantes
1283 1812 1374 1841 rem
1411 1811 1540 1852 quam
1583 1795 1776 1839 brevissi-

221 1883 288 1912 me
319 1869 615 1914 absolvamus..

221 1995 361 2032 lubrum
388 1995 559 2032 Trebulae
591 1997 798 2032 Mutueseae
830 1997 1067 2032 constitutum
1101 1995 1366 2032 celeberrimum
1401 1997 1593 2031 mercatum
1631 1996 1775 2030 constat

220 2057 329 2107 fuisse
367 2057 422 2103 (cf.
451 2057 578 2093 Cohen.
607 2057 698 2093 Med.
727 2069 819 2093 cons.
855 2057 892 2091 T.
920 2057 1027 2093 XXX
1062 2068 1113 2103 sq.
1152 2057 1338 2102 Borghesii
1372 2057 1460 2101 Opp.
1495 2056 1540 2099 ΙΙ,
1577 2057 1640 2091 106
1671 2057 1773 2101 sqq.).

221 2118 400 2153 Petroniis
436 2120 555 2162 aperte
589 2117 737 2154 ducibus
772 2118 922 2154 Feronia
953 2116 1162 2163 Aquileiam
1197 2118 1375 2162 pervenit,
1413 2116 1473 2151 ubi
1510 2116 1694 2161 paulatim,
1732 2119 1773 2151 ut

219 2178 368 2220 videtur,
395 2177 479 2214 deae
506 2178 624 2214 cultus
649 2179 693 2214 ab
718 2179 800 2215 aliis
826 2190 964 2225 quoque
991 2178 1158 2225 gentibus
1183 2181 1345 2223 receptus
1366 2180 1438 2222 est;
1465 2179 1558 2213 certe
1578 2177 1614 2212 id
1633 2176 1772 2212 demon-

219 2240 312 2273 strat
336 2238 553 2283 frequentior
578 2238 664 2274 deae
688 2240 855 2275 memoria
880 2240 914 2274 in
942 2239 1061 2275 titulis
1091 2249 1287 2275 occurrens.
1337 2239 1379 2274 cf.
1402 2237 1478 2274 CIL
1498 2237 1542 2277 V.
1570 2238 1646 2279 776,
1672 2236 1771 2278 8218,

219 2297 318 2339 8387,
343 2297 445 2333 8308.

358 2359 384 2404 ¹]
411 2359 487 2394 CIL
516 2360 553 2401 V,
574 2359 655 2394 1071
685 2358 819 2395 Anicia
840 2359 992 2396 Glucera
1018 2360 1059 2395 de
1084 2360 1213 2395 marito
1227 2361 1366 2395 mortuo
1388 2359 1586 2404 praedicat:
1614 2358 1678 2403 „ab
1704 2359 1773 2393 imo

221 2417 339 2455 ordine
363 2420 407 2456 ad
432 2431 608 2455 summum
633 2431 687 2455 me
713 2420 875 2465 perduxit
899 2421 1096 2457 honorem.“

357 2478 384 2524 ²²)
408 2480 488 2515 Non
531 2482 713 2525 praetereo
748 2480 824 2523 hic,
863 2481 956 2526 quod
992 2482 1230 2517 Mommsenus
1269 2481 1387 2527 (Arch.
1425 2481 1596 2526 Zeitungt
1613 2480 1772 2516 XXXVI

222 2537 336 2584 [1878]
363 2550 394 2584 p.
422 2541 464 2575 74
491 2542 559 2586 sq.)
586 2540 760 2585 quondam
787 2542 984 2577 rectissime
1009 2541 1148 2578 docuit:
1174 2542 1359 2578 libertinos
1385 2543 1630 2587 imperatorem
1655 2544 1772 2577 aetate

220 2598 254 2631 in
269 2608 346 2632 eum
362 2599 566 2645 plerumque
595 2599 735 2634 modum
757 2601 859 2645 quasi
885 2601 1095 2637 nobilitatos
1122 2613 1208 2646 esse,
1235 2604 1276 2637 ut
1298 2603 1489 2637 sevirorum
1515 2602 1569 2637 vel
1583 2602 1772 2647 Augusta-

220 2657 304 2692 lium
319 2668 458 2694 munere
470 2659 708 2705 fungerentur.
737 2661 850 2702 Quam
866 2662 901 2695 in
920 2663 1062 2705 opinion
1070 2673 1123 2697 em
1138 2663 1270 2707 optime
1287 2663 1448 2708 quadrat,
1463 2663 1556 2708 quod
1569 2662 1770 2707 Aquileiae,

185 2714 187 2716 ’
220 2728 297 2753 cum
327 2718 369 2754 ob
390 2721 633 2757 commercium
652 2721 820 2766 permulti
843 2721 997 2757 libertini
1020 2723 1262 2758 consedissent
1287 2727 1324 2758 et
1348 2734 1558 2769 permagnus
1578 2724 1771 2759 sevirorum

220 2789 383 2824 numerus
413 2783 449 2815 ct
473 2780 508 2818 iu
535 2782 657 2817 seviris
682 2782 737 2817 vel
758 2782 947 2817 maximam
975 2785 1110 2827 partem
1135 2782 1379 2819 libertinorum
1405 2784 1547 2819 nomina
1571 2787 1771 2820 occurrunt.

358 2840 386 2878 ⁴)
414 2840 454 2874 In
491 2842 675 2887 utramque
699 2845 834 2887 partein
877 2842 1023 2878 idoneus
1049 2842 1188 2878 videtur
1214 2843 1273 2888 qui
1299 2854 1362 2878 nos
1388 2843 1513 2880 doceat
1538 2843 1668 2879 titulus
1694 2843 1771 2880 CIL

221 2900 264 2941 V,
292 2900 354 2935 961
384 2900 605 2945 descriptus,
636 2913 675 2937 ex
702 2913 771 2947 quo
797 2902 956 2938 videmus
980 2903 1073 2938 cives
1098 2902 1312 2945 decrevisse,
1350 2906 1391 2938 ut
1416 2903 1561 2940 Calvius
1586 2903 1700 2939 Pollio
1728 2904 1771 2938 ob

219 2961 526 3005 praestantissima
561 2962 597 2997 in
634 2963 884 3008 rempublicam
912 2963 1038 2998 merit-a
1063 2974 1168 2998 aurea
1193 2966 1316 2999 statua
1342 2964 1497 3010 equestri
1530 2963 1769 3000 honoraretur.
