2034 3382
913 284 1198 324 ...21—

275 397 417 438 Huius
439 397 538 438 ferri
561 397 825 450 praestantia
861 397 1098 451 antiquitus
1131 395 1305 436 laudata
1337 409 1385 436 ac
1419 394 1630 436 celebrata
1657 409 1706 435 ne
1736 408 1830 448 pos-

276 467 501 510 terioribus
519 467 690 522 quidem
709 467 973 522 temporibus
992 468 1131 509 fracta
1151 472 1224 509 est.
1276 467 1423 520 Atque
1441 470 1607 507 constat
1627 467 1666 507 in
1690 466 1830 517 Italia,

276 554 359 594 quo
377 554 498 587 arma
519 544 649 593 atque
674 541 856 581 cuiusvis
874 541 1042 595 generis
1066 540 1348 581 instrumenta
1373 553 1423 579 ex
1446 537 1623 579 officinis
1641 537 1830 579 fabricis-

275 628 357 668 que
378 613 492 654 circa
512 612 718 655 Noreiam
741 614 945 655 institutis
967 612 1177 661 abierunt,
1199 611 1405 653 Noricum
1429 624 1574 652 ensem
1598 611 1637 651 in
1660 624 1830 664 prover-

275 686 390 727 bium
421 699 554 739 prope
588 685 804 739 venissel)
837 710 890 715 -
922 684 1149 726 Ferrarias
1171 682 1356 725 Noricas
1379 683 1612 725 invenimus
1636 682 1830 725 omnibus

274 757 537 811 temporibus
570 757 716 799 solit-as
748 771 838 799 esse
871 756 1002 798 locari
1032 770 1169 810 neque
1201 770 1390 810 unquam
1421 756 1629 810 sepositas
1654 754 1830 798 Caesari

274 833 349 870 aut
380 828 434 870 ab
467 829 558 883 ipso
588 828 689 870 fisco
721 828 868 870 cultas.
931 827 1000 869 Ex
1028 827 1360 869 conductoribus
1385 831 1528 869 autem
1552 827 1829 869 ferrariarum

275 902 431 944 iterum
453 916 503 942 ac
526 901 694 955 saepius
723 899 948 941 nonnullos
974 900 1175 942 credibile
1208 904 1272 942 est
1294 900 1522 955 Aquileiae
1554 900 1829 955 consedisse2)

277 998 332 1004 ——
366 973 591 1014 Ferrarias
614 971 856 1026 accepimus
888 971 929 1012 in
953 971 1179 1014 Pannonia
1211 987 1380 1027 quoque
1413 972 1539 1015 fuisse
1581 973 1831 1028 complures.

275 1046 469 1100 Quarum
514 1044 676 1086 fructus
718 1058 767 1085 ex
797 1044 934 1086 Siscia
966 1039 1232 1098 potissimum
1275 1060 1352 1099 per
1385 1045 1630 1100 Aquileiam
1663 1049 1830 1088 constat

274 1119 316 1159 in
367 1118 538 1159 Italiam
586 1104 901 1171 transportatos
949 1120 1088 1170 esse-²)
1170 1117 1337 1159 Eodem
1387 1118 1536 1159 itinere
1584 1117 1830 1172 Aquileiam

275 1191 544 1244 Romamque
562 1193 847 1244 pervenerunt
862 1190 1179 1243 praestantiora
1198 1204 1370 1245 quoque
1385 1204 1499 1243 aera,
1513 1205 1664 1232 aurum
1681 1205 1830 1246 argen-

274 1263 498 1318 tumque.4)
577 1261 726 1317 Atque
776 1266 949 1317 praeter
999 1263 1091 1303 auri
1146 1262 1432 1314 fertilitatem,
1487 1278 1572 1318 qua
1622 1263 1828 1306 Noricam

274 1341 434 1379 terram
474 1338 692 1390 potentem
732 1334 859 1376 fuisse
903 1349 1033 1389 supra
1074 1336 1424 1388 commemoravi,
1468 1336 1610 1390 plures
1651 1336 1830 1391 Alpium

273 1408 467 1463 regiones
524 1406 746 1462 probabile
798 1411 861 1448 est
913 1422 1017 1449 auro
1072 1407 1200 1449 fuisse
1256 1407 1447 1450 refertas.
1469 1411 1495 1461 ⁵)
1585 1409 1828 1451 Posteriore

274 1484 417 1522 aetate
439 1484 587 1522 notum
619 1483 683 1521 est
715 1495 765 1521 ex
798 1479 955 1528 Dacia,
988 1481 1205 1534 provincia
1238 1481 1567 1534 opulentissima,
1601 1482 1829 1523 maximam

273 1553 366 1594 auri
388 1553 470 1594 vim
491 1553 535 1594 in
556 1552 730 1594 Italiam
754 1552 1056 1607 confluxissef‘)
1119 1552 1188 1594 Ex
1212 1552 1357 1594 salinis
1384 1554 1511 1594 etiam
1543 1553 1659 1607 apud
1689 1553 1827 1595 locum

273 1625 399 1667 hodie
430 1624 651 1667 Hallstadt
683 1624 855 1675 dictum,
888 1639 994 1678 quas
1025 1625 1109 1665 iam
1142 1625 1315 1666 ineunte
1344 1625 1652 1679 imperatorum
1687 1630 1828 1668 aetate

274 1702 442 1740 constat
482 1697 617 1739 cultas
649 1711 764 1750 esse,v
793 1697 977 1752 aliquem
1009 1696 1223 1738 fructuum
1258 1701 1425 1751 partem
1458 1697 1643 1739 Romam
1675 1698 1827 1753 adpor-

273 1775 409 1813 tatam
432 1784 523 1812 esse
544 1770 769 1812 verisimile
785 1771 896 1824 est-ff)
957 1769 1155 1824 Denique
1177 1770 1436 1812 monendum
1466 1769 1633 1812 videtur
1666 1771 1708 1812 in
1739 1771 1828 1825 qui-

411 1868 437 1913 ¹)
467 1868 582 1903 Strab.
623 1869 662 1910 V,
698 1880 730 1912 p.
768 1869 846 1901 214.
896 1868 977 1901 Hor.
1017 1867 1185 1908 Carn1.1,
1219 1868 1271 1909 16,
1298 1868 1328 1901 9.
1385 1867 1495 1912 Epod.
1536 1868 1585 1909 17,
1616 1869 1668 1902 17.
1721 1868 1829 1904 Plura

273 1929 480 1964 testimonia
517 1928 558 1963 de
592 1929 729 1963 metalli
757 1927 878 1962 Norici
917 1928 1137 1971 praestantia
1170 1927 1319 1972 collegit-
1350 1927 1605 1973 Marquardtus
1633 1929 1684 1964 St.
1716 1929 1754 1964 V.
1782 1929 1826 1971 11,

273 1989 350 2031 260,
378 1990 417 2024 A.
443 1990 475 2024 9.

412 2048 438 2085 ²)
466 2048 541 2084 CIL
582 2049 648 2090 111,
687 2050 763 2083 810.
806 2070 845 2071 ην
883 2049 1055 2093 Jungium
1094 2047 1150 2090 (R.
1190 2048 1231 2083 L.
1270 2060 1299 2092 p.
1339 2049 1421 2086 414)
1457 2050 1576 2084 nescio
1618 2061 1686 2095 quo
1734 2052 1826 2084 test-e

273 2110 410 2144 invenio
435 2109 682 2149 affirmantem,
724 2109 1009 2144 ferramentarios
1037 2109 1186 2143 Noricos
1218 2108 1382 2143 habuisse
1419 2120 1548 2144 merces
1575 2109 1766 2155 Aquileiae
1793 2111 1826 2145 in

272 2168 404 2204 horreis
429 2179 468 2203 ac
495 2168 620 2203 fecisse
645 2168 693 2202 ibi
719 2168 907 2213 collegium
934 2169 999 2203 sub
1028 2169 1149 2204 Beleni
1178 2168 1304 2204 tutela.

412 2229 437 2272 ³)
464 2226 719 2273 Amplissimae
744 2229 906 2264 ferrariae
930 2240 1036 2274 prope
1063 2229 1209 2264 Sisciam
1236 2229 1348 2273 ipsam
1384 2230 1534 2264 fuerunt.
1585 2230 1627 2265 cf.
1659 2229 1733 2265 CIL
1762 2231 1826 2272 111,

272 2291 362 2325 3953
393 2291 618 2335 „procurator
636 2288 799 2335 Augusti
823 2300 980 2335 praepos.
1008 2288 1286 2335 spleuclidissim.
1317 2289 1536 2335 vecti(‡galis)
1562 2290 1826 2335 ferr(ariarum).

274 2351 453 2387 Ferrariae
472 2350 693 2395 Illyricarum
709 2351 966 2395 provinciarum
980 2352 1218 2386 memorantur
1234 2360 1254 2384 a
1272 2348 1469 2385 Claudiano
1483 2351 1525 2386 de
1541 2351 1619 2386 bell.
1642 2350 1722 2386 Get.
1747 2351 1825 2387 535.

411 2412 439 2457 ⁴)
465 2411 506 2447 cf.
534 2411 610 2446 CIL
635 2410 699 2453 111,
726 2412 824 2447 6575.

412 2472 438 2515 5)
465 2472 612 2513 Planta,
647 2471 709 2506 das
741 2472 813 2508 alte
844 2472 972 2507 Ratien
1008 2483 1040 2517 p.
1071 2473 1111 2507 14
1148 2473 1251 2508 docet
1288 2473 1485 2517 complures
1517 2471 1668 2517 Alpium
1700 2472 1826 2507 fluvios

272 2532 348 2566 auri
362 2532 497 2567 fertiles
515 2532 635 2566 fuisse.
685 2532 846 2567 Ceterum
869 2533 912 2567 cf.
933 2544 1023 2578 quae
1038 2532 1277 2568 Kaemmelius
1303 2532 1426 2567 affert:
1454 2532 1616 2578 Anfange
1631 2532 1825 2568 deutschen

274 2591 410 2627 Lebens
434 2593 468 2627 in
495 2591 715 2628 Oesterreich
740 2603 772 2636 p.
797 2593 851 2627 90.
901 2593 951 2627 Ex
977 2604 1061 2628 auro
1088 2593 1180 2628 circa
1200 2592 1363 2627 Noreiam
1393 2595 1429 2627 et
1454 2593 1488 2626 in
1510 2592 1661 2637 Alpibus
1689 2594 1826 2637 reperto

274 2651 453 2697 probabile
478 2655 533 2688 est
558 2653 672 2688 factos
698 2663 772 2688 esse
798 2663 960 2687 nummos
994 2653 1077 2688 illos
1104 2652 1271 2694 Celticos,
1307 2652 1348 2688 de
1374 2652 1516 2698 quibus,
1551 2655 1592 2687 ut
1618 2655 1702 2687 sunt
1732 2652 1824 2687 diffi-

275 2714 400 2749 cillimi
425 2713 469 2749 ad
496 2714 734 2751 iudicandum.
760 2713 902 2749 uberius
927 2714 1002 2759 egit
1027 2714 1288 2750 Mommsenus:
1315 2713 1347 2748 d.
1377 2713 1598 2749 nordetrusk.
1620 2712 1824 2759 Alphabete

275 2771 385 2818 (Abh.
412 2773 443 2807 d.
470 2774 607 2819 antiqu.
633 2774 714 2809 Ges.
742 2785 783 2808 zu
811 2773 933 2809 Ziirich
958 2773 1037 2816 VII,
1059 2774 1151 2815 242).

413 2828 583 2879 ⁶)Ju1ig„
611 2833 710 2868 Rom.
736 2833 910 2869 Landsch.
939 2845 971 2878 p.
998 2833 1065 2868 378
1091 2844 1166 2879 sqq.
1217 2833 1457 2868 Mommsenus
1489 2832 1568 2869 CIL
1603 2833 1655 2868 111
1693 2845 1723 2878 p.
1757 2833 1824 2868 213

275 2904 350 2938 sqq.
401 2893 610 2928 Hirschfeld.
638 2894 756 2940 Epigr.
787 2893 961 2928 Naehlese
989 2904 1031 2928 zu
1058 2892 1134 2929 CIL
1161 2893 1225 2935 111,
1253 2904 1286 2938 p.
1309 2893 1377 2929 368
1403 2904 1479 2940 sqq.

416 2951 439 2991 7)
470 2951 708 2988 Kaommelius
744 2954 764 2987 1.
806 2953 826 2987 l.
861 2965 892 2997 p.
928 2954 981 2987 90.
1046 2953 1184 2988 Keuner
1221 2954 1257 2988 in
1289 2953 1385 2988 Mitt.
1419 2953 1452 2989 d.
1484 2951 1646 2989 CComm.
1681 2953 1751 2994 xl,
1790 2964 1820 2997 p.

276 3011 429 3047 LXXIV
457 3022 509 3058 sq.
