2034 3382
888 240 1169 280 -17-

256 356 304 394 ut
346 353 552 395 omittam.
623 352 819 406 Denique
866 366 949 405 quo
1001 354 1137 407 magis
1182 354 1273 395 viae
1318 353 1646 408 proferebantur
1689 352 1814 394 factis

255 424 476 467 itineribus
506 424 775 467 creberrimis
807 429 849 466 et
877 426 919 466 in
950 423 1230 468 Germaniam
1260 431 1301 467 et
1335 426 1376 467 in
1409 425 1603 476 Daciam,
1647 426 1813 480 provin·

256 498 366 539 ciam
396 497 654 551 opulentam,
686 510 734 538 eo
763 497 899 551 magis
941 502 1271 540 consentaneum
1311 502 1375 539 est
1407 498 1648 540 commercii
1678 498 1814 540 incre-

256 569 471 610 menta-in
513 568 655 622 ipsam
688 567 838 610 urbem
870 568 1143 612 redundasse.
1206 569 1366 611 Curam
1404 576 1547 611 autem
1577 571 1740 612 viarum
1772 570 1812 610 in

254 641 320 682 his
356 639 600 694 regionibus
630 640 693 682 vel
726 640 1050 682 sternendarum
1081 641 1143 683 vel
1187 641 1546 684 restituendarum
1586 656 1638 684 ne
1676 647 1814 696 poste-

254 711 438 754 rioribus
469 712 639 767 quidem
672 712 934 768 temporibus
978 714 1256 767 imperatores
1297 714 1485 755 omisisse
1526 714 1661 755 multa
1700 713 1815 755 lucu-

254 784 390 826 lenter
436 784 731 827 demonstrant
746 785 789 839 ¹).
860 785 1007 839 Atque
1055 784 1207 827 harum
1257 786 1419 826 viarum
1466 799 1814 840 unamquamque

254 856 319 898 vel
364 857 407 898 in
451 856 677 899 Pannonia
723 857 786 898 vel
831 857 873 898 in
906 856 1064 899 Raetia
1103 856 1317 899 Noricove
1363 863 1606 912 vergentem
1655 857 1814 912 aliquid

254 928 465 983 profuisse
498 918 836 984 Aquileiensium
876 931 1129 972 commercio
1173 944 1224 972 ex
1267 931 1480 973 artissimo
1522 932 1653 985 ipsius
1699 930 1815 972 urbis

255 1015 351 1043 cum
383 1006 477 1044 tota.
506 1003 677 1056 regione
711 1016 903 1044 connexu
935 1003 1039 1044 satis
1072 1001 1312 1057 apparebit.

394 1073 479 1117 Sed
519 1080 692 1129 praeter
734 1075 1033 1117 commercium
1076 1074 1191 1129 quod
1221 1075 1424 1129 Aquileia
1466 1090 1543 1129 per
1586 1075 1675 1116 vias
1719 1074 1813 1116 illas

254 1145 367 1198 fecit,
399 1161 484 1189 non
514 1148 691 1190 minoris
720 1148 925 1190 momenti
944 1147 1111 1189 videtur
1145 1148 1273 1189 fuisse
1297 1148 1558 1202 amplissima
1581 1147 1814 1202 negotiatio

254 1232 331 1273 per
360 1233 478 1262 mare
500 1219 773 1262 Adriaticum
794 1219 921 1263 facta.
982 1220 1155 1262 Etenim
1187 1221 1404 1275 navigatio
1435 1221 1606 1262 ineunte
1633 1221 1814 1274 impera-

253 1299 395 1334 torum
417 1296 559 1334 aetate
572 1306 831 1347 magnopere
862 1298 990 1334 aucta
1006 1294 1050 1348 2),
1083 1306 1178 1333 cum
1209 1293 1443 1347 emporium
1476 1292 1533 1334 ibi
1555 1292 1813 1347 repperisset

254 1364 436 1406 maxime
468 1368 768 1419 opportunum,
810 1378 894 1406 non
933 1364 1068 1406 multo
1098 1370 1196 1419 post
1229 1364 1505 1407 celeberrimo
1533 1368 1662 1419 portu
1692 1369 1815 1406 tanta

255 1435 366 1490 cepit
394 1436 671 1488 incrementa,
699 1440 747 1477 ut
774 1449 935 1477 merces
964 1450 1110 1478 omnes
1139 1437 1393 1491 naviumque
1425 1450 1566 1488 onera,
1600 1450 1710 1491 quae
1739 1451 1816 1491 per

253 1521 371 1549 mare
402 1507 676 1550 Adriaticum
709 1507 1004 1560 trahebantur,
1038 1509 1136 1551 illuc
1175 1511 1406 1551 maximam
1436 1515 1603 1564 partem
1635 1508 1816 1552 conflue-

252 1585 360 1624 rent.
421 1580 654 1623 Probabile
695 1586 840 1623 autem
871 1587 935 1624 est
964 1587 1225 1624 mercatores
1255 1582 1462 1637 paulatim
1494 1583 1694 1637 coepisse,
1732 1588 1815 1624 ter-

252 1653 380 1695 restri
407 1654 547 1696 itineri
588 1668 665 1708 per
697 1655 807 1696 viam
838 1654 1070 1709 Popilliam
1101 1655 1166 1696 vel
1196 1655 1429 1697 Aemiliam
1461 1655 1656 1698 faciendo
1693 1669 1816 1710 prae·

253 1739 413 1780 ponere
442 1727 716 1778 maritimum,
762 1727 918 1782 quippe
960 1727 1075 1781 quod
1113 1728 1317 1770 maiorem
1355 1727 1535 1770 haberet
1563 1742 1649 1770 non
1680 1728 1815 1770 solum

255 1798 516 1840 celeritatem
536 1813 683 1841 verum
715 1801 843 1842 etiam
867 1800 1223 1842 commoditatem.
1269 1799 1470 1855 Namque
1497 1801 1575 1842 etsi
1596 1801 1815 1855 paululum

254 1872 443 1926 seposita
458 1873 490 1925 3)
523 1871 602 1914 fuit
634 1877 779 1915 tamen
811 1874 904 1927 ipsa
934 1872 1035 1915 urbs
1063 1887 1157 1914 cum
1191 1874 1302 1915 mari
1331 1874 1474 1915 iuncta
1506 1878 1548 1915 et
1572 1872 1816 1915 fluminibus

254 1943 496 1998 rivulisque,
528 1945 600 1999 qui
630 1959 681 1986 ex
710 1944 924 1987 montibus
961 1945 1257 1996 decurrebant,
1291 1950 1330 1987 et
1352 1945 1481 1987 alveis
1511 1959 1641 1987 manu
1675 1945 1812 1987 factis.

398 2097 424 2139 ¹.)
448 2096 585 2141 Insigni
611 2097 746 2131 viarum
773 2107 855 2131 cura
887 2096 928 2131 de
956 2095 1126 2141 Aquileia
1153 2096 1237 2131 urbe
1264 2095 1429 2130 videntur
1443 2095 1539 2130 bene
1564 2097 1682 2131 meriti
1707 2097 1816 2131 fuisse

255 2156 414 2201 inprimis
439 2157 688 2200 imperatores:
726 2156 918 2201 Septimius
957 2156 1116 2198 Severus,
1153 2157 1377 2197 Maximinus,
1416 2156 1683 2198 Constantinus,
1725 2157 1815 2192 Con-

256 2217 439 2251 stantinus
467 2217 512 2257 ΙΙ,
538 2216 770 2252 Constantius
797 2216 960 2259 Chlorus,
989 2217 1273 2257 Valentinianus,
1301 2217 1453 2253 Valens:
1479 2217 1524 2251 cf.
1551 2216 1628 2251 CH„
1659 2218 1695 2258 V,
1718 2217 1816 2252 7989.

255 2276 358 2311 Arch.
383 2277 491 2321 epigr.
517 2277 614 2311 Mitt.
641 2277 702 2319 VI,
738 2278 781 2312 88
806 2289 881 2322 sqq.
932 2276 1010 2311 CIL
1052 2276 1116 2318 ΙΙΙ,
1156 2276 1256 2317 5721,
1297 2277 1398 2318 5723,
1438 2277 1539 2317 5725,
1577 2277 1678 2318 5739,
1716 2279 1815 2318 5740,

236 2323 357 2371 '6528
409 2337 568 2381 Denique
594 2341 635 2372 ut
663 2338 869 2382 saepissime
895 2337 1092 2372 invenimus
1121 2337 1298 2372 Romanos
1327 2338 1517 2381 imperasse
1552 2337 1741 2379 militibus,
1777 2349 1818 2372 ne

258 2397 332 2430 otio
357 2407 398 2432 ac
424 2397 560 2432 desidia
585 2400 902 2442 corrumperentur,
929 2397 1005 2432 vias
1032 2396 1240 2432 sternendas
1266 2407 1305 2431 ac
1332 2396 1539 2431 muniendas
1561 2408 1672 2441 neque
1695 2397 1817 2432 harum

257 2467 371 2492 rerum
396 2458 655 2492 immunitatem
684 2469 726 2492 ne
751 2459 928 2493 veteranis
949 2457 1091 2502 quidem
1113 2456 1262 2499 dedisse,
1291 2458 1342 2491 ita
1364 2457 1472 2491 etiam
1493 2458 1528 2491 in
1544 2457 1600 2491 his
1617 2457 1818 2502 regionibus

258 2516 413 2552 militum
439 2528 543 2562 opera
570 2527 820 2562 saepenumero
845 2519 923 2553 viae
949 2519 1108 2552 munitae
1136 2528 1175 2552 ac
1210 2518 1399 2552 restitutae
1434 2516 1598 2552 videntur
1636 2528 1725 2552 esse.
1775 2518 1818 2551 cs.

259 2576 335 2611 CIL
354 2576 419 2620 111,
444 2577 544 2619 3200,
571 2577 679 2615 3708:
707 2578 805 2611 1627.
855 2578 973 2612 Etiam
999 2577 1147 2612 Tacitus
1173 2578 1266 2620 (ann.
1285 2578 1311 2614 Ι,
1338 2577 1396 2616 20)
1422 2577 1455 2610 in
1482 2577 1686 2612 enarrandis
1715 2577 1819 2612 rebus

259 2647 289 2671 a.
309 2638 359 2671 14.
372 2649 405 2682 p.
420 2637 500 2673 Chr.
525 2639 638 2683 gestis
662 2639 876 2672 mentionem
903 2639 990 2673 facit
1014 2638 1274 2683 manipulorum
1294 2649 1332 2672 ex
1367 2637 1580 2672 Pannonicis
1617 2637 1817 2682 legionibus

260 2697 484 2742 Nauportum
510 2699 697 2733 missorum
727 2698 791 2742 „ob
817 2699 945 2733 itinera
973 2702 1008 2733 et
1035 2702 1159 2742 pontes
1186 2703 1222 2733 et
1246 2698 1340 2732 alios
1367 2700 1488 2731 usns“.

400 2771 427 2810 ²)
448 2772 706 2815 Friffllaender,
734 2772 1058 2818 Sittengeschichte
1087 2773 1132 2814 11,
1159 2773 1203 2807 58
1227 2784 1279 2817 sq.

397 2847 426 2888 ³)
451 2845 532 2881 Non
556 2846 602 2881 ad
629 2847 746 2892 ipsum
775 2847 862 2882 litus
890 2846 1061 2891 Aquileia
1087 2848 1160 2882 sita
1189 2848 1270 2882 fuit.
1307 2846 1368 2882 sed
1394 2846 1517 2881 aberat
1551 2857 1572 2881 a
1596 2847 1685 2881 mari
1713 2847 1820 2891 paulo

261 2907 340 2952 plus
363 2906 428 2941 LX
453 2906 570 2942 stadia
599 2907 789 2942 secundum
817 2906 1025 2942 Strabonem
1050 2908 1107 2951 (V,
1137 2909 1165 2949 l,
1197 2908 1218 2941 8
1245 2919 1275 2952 p.
1297 2907 1379 2943 ⁶214)
1406 2907 1460 2942 vel
1489 2907 1552 2941 XV
1568 2917 1614 2942 m.
1640 2918 1671 2951 p.
1697 2917 1822 2942 secun⁴

260 2968 342 3002 dum
370 2966 525 3002 Plinium
551 2975 597 3010 [n.
626 2968 657 3002 h.
684 2969 715 3009 3,
745 2969 796 3010 18,
827 2969 876 3009 12,
904 2971 948 3008 ύ).

1680 3037 1701 3057 ι)
