2034 3382
922 228 1208 269 ,18-

284 343 477 398 Quarum
509 357 648 385 rerum
683 343 827 384 favore
858 342 947 383 fieri
978 343 1127 396 potuit,
1160 346 1207 384 ut
1236 356 1396 384 merces
1429 345 1471 382 et
1500 355 1525 382 a
1546 339 1834 395 septentrione

284 420 325 457 et
355 430 380 457 a
406 415 580 458 meridie
612 415 867 470 adportatae
910 416 949 455 iu
991 414 1174 456 mediam
1214 429 1348 469 usque
1387 413 1536 456 urbem
1566 412 1836 468 pervenirent

281 488 512 542 incolisque
539 492 649 530 esset
688 487 1011 529 refertissimum
1041 486 1180 528 forum
1224 490 1265 528 et
1306 485 1614 528 mercatoribus
1653 497 1835 527 commo-

283 559 501 601 dissimum
538 560 712 602 lucrum.
788 558 1062 614 Quamquam
1099 558 1280 599 maxime
1327 557 1472 599 floruit
1512 556 1744 612 negotiatio
1791 555 1835 596 in

280 636 408 687 portu
437 632 723 683 celeberrimo,
756 633 949 686 quiante
980 645 1099 673 oram
1130 631 1273 685 parvis
1301 630 1447 672 insulis
1480 629 1681 671 refertam
1716 641 1835 682 sepo-

281 705 385 746 situs
420 708 512 746 erat
543 705 807 758 alteramque
839 704 959 758 quasi
987 702 1137 745 urbem
1180 717 1229 744 ac
1271 702 1535 756 provinciam
1575 701 1834 743 maritimam

282 776 436 829 effecit,
476 777 543 818 cui
587 778 650 818 sui
687 778 964 830 magistratus
1003 790 1164 830 suaque
1202 775 1297 816 iura
1341 778 1464 816 erant
1480 774 1526 830 1).
1587 773 1647 815 Et
1691 787 1834 815 rerum

280 849 492 890 navalium
532 848 743 890 industria
787 863 837 890 ac
883 848 1110 889 fabricatio
1155 851 1197 889 et
1235 846 1567 901 frequentissimi
1605 850 1834 888 nautarum

280 936 330 963 ac
362 926 647 963 mercatorum
671 920 812 962 aditus
835 919 1076 971 effecerunt,
1109 924 1157 961 ut
1181 934 1231 961 ea
1253 933 1423 974 quoque
1445 918 1592 960 civitas
1617 918 1835 960 celerrime

280 998 489 1036 cresceret
531 1008 816 1048 magnamque
859 993 899 1034 in
943 992 1245 1034 auctoritatem
1286 991 1521 1033 incolarum
1565 989 1836 1032 multitudine

277 1066 530 1120 perveniret.
592 1065 770 1107 Partem
811 1065 875 1106 vel
906 1064 1158 1106 Misenensis
1190 1064 1253 1106 vel
1284 1063 1548 1105 Ravennatis
1589 1062 1736 1104 classis
1777 1061 1837 1103 ibi

277 1139 319 1180 in
351 1138 534 1180 statione
568 1137 696 1179 fuisse
728 1151 812 1179 non
843 1138 979 1179 solum
1008 1137 1141 1179 titulis
1159 1138 1189 1193 2)
1233 1136 1487 1192 quibusdam
1519 1136 1836 1178 classiariorum

277 1225 413 1265 nuper
442 1210 622 1264 repertis
644 1210 869 1252 verisimile
898 1209 958 1262 fit,
991 1209 1065 1251 sed
1086 1209 1296 1265 probatur
1318 1211 1445 1252 etiam
1467 1210 1562 1264 ipsa
1584 1209 1836 1251 necessitate

278 1283 560 1338 navigationis
594 1283 818 1337 expeditae
848 1287 976 1337 atque
1004 1283 1087 1324 tuti
1119 1283 1361 1325 commercii
1374 1285 1416 1336 3).

417 1354 611 1409 Denique
653 1355 840 1397 notabile
888 1359 952 1397 est
992 1356 1057 1397 vel
1097 1354 1293 1407 flumina,
1343 1368 1452 1409 quae
1499 1353 1722 1395 interiecto
1764 1352 1835 1394 illo

278 1441 488 1481 aquarum
521 1427 701 1470 divortio
735 1428 939 1470 orientem
972 1442 1118 1469 versus
1150 1442 1201 1469 ex
1223 1426 1409 1482 Alpibus
1438 1424 1669 1480 profluunt,
1700 1424 1835 1480 Aqui-

277 1498 494 1540 leiensium
526 1499 701 1541 utilitati
733 1500 937 1554 paruisse.
997 1499 1169 1541 Etenim
1201 1499 1432 1541 memoriae
1466 1497 1662 1553 proditur
1676 1499 1720 1553 4),
1760 1497 1835 1538 im-

277 1575 523 1625 peratorum
562 1576 702 1613 aetate
749 1586 908 1613 merces
952 1576 1082 1626 atque
1133 1587 1263 1614 onera
1310 1571 1554 1626 Aquileiam
1607 1569 1835 1625 deportata
1892 1614 1900 1622 ,

277 1657 582 1699 saepenumero
621 1644 823 1698 plaustris
866 1644 921 1686 acl
951 1644 1225 1699 Nauportum
1271 1644 1450 1686 advecta
1492 1657 1582 1685 esse
1624 1647 1753 1697 atque
1791 1643 1835 1684 in

418 1801 441 1844 ¹)
471 1801 597 1834 Yicum
617 1802 816 1844 portensem
839 1801 956 1834 aetate
971 1799 1102 1834 liberae
1120 1800 1189 1834 iam
1208 1798 1421 1843 reipublicae
1440 1796 1648 1842 Aquileiam
1667 1795 1834 1831 habuisse

278 1871 317 1894 eo
343 1860 431 1902 loco,
457 1871 526 1904 quo
551 1862 675 1904 postea
693 1860 832 1894 Gradus
858 1860 936 1901 fuit,
965 1860 1079 1895 multa
1101 1859 1357 1894 demonstrant.
1408 1858 1559 1893 Uberius
1585 1857 1626 1892 de
1646 1859 1751 1903 portu
1769 1859 1833 1892 cet.

279 1920 449 1955 disseruit
476 1920 694 1955 Kandlerus:
721 1921 755 1956 di
779 1921 895 1964 Aquil.
918 1921 1076 1955 Romana
1105 1919 1230 1964 (Areh.
1249 1920 1378 1955 'l'riest.
1394 1919 1421 1960 Ι,
1442 1919 1486 1950 953
1505 1918 1606 1963 sqq).
1655 1918 1698 1953 cf.
1727 1919 1834 1953 etiam

279 1982 474 2016 Schreineri
502 1981 789 2016 dissertationem
815 1982 856 2016 de
882 1981 1001 2016 Grado
1036 1981 1164 2025 oppido
1200 1981 1248 2021 (in
1279 1979 1420 2024 Encycl.
1447 1979 1490 2013 ab
1517 1980 1637 2014 Erseh.
1665 1981 1701 2014 et
1726 1978 1833 2013 Grub.

279 2041 386 2084 edita,
414 2042 439 2083 Ι,
467 2044 551 2076 tom.
580 2042 633 2083 78,
661 2053 688 2078 s.
714 2043 770 2085 v.).

417 2101 443 2143 2)
470 2102 512 2136 cf.
542 2101 619 2137 CIL
641 2103 681 2143 V,
707 2103 784 2144 774,
820 2103 896 2143 910,
927 2102 1003 2142 938,
1039 2102 1116 2135 960.
1146 2102 1247 2136 9659.
1272 2121 1313 2125 -—
1344 2100 1446 2135 Certe
1484 2100 1677 2145 posteriore
1715 2101 1832 2134 aetate

281 2162 405 2196 classis
435 2161 604 2196 venetum
631 2162 822 2197 stationem
850 2161 898 2196 ibi
919 2161 1056 2196 habuit,
1105 2162 1147 2196 cf.
1169 2161 1255 2196 Not.
1279 2161 1360 2206 Dig.
1377 2160 1456 2196 Oce.
1486 2155 1594 2202 XLII,
1621 2160 1652 2202 3,
1679 2161 1699 2193 4
1717 2171 1748 2204 p.
1765 2159 1832 2193 ‘215

281 2222 397 2256 Seeck.
425 2242 465 2246 —
493 2222 532 2255 In
564 2222 664 2257 Arch.
696 2223 811 2257 triest.
836 2224 920 2256 tom.
946 2222 995 2255 XI
1022 2234 1053 2266 p.
1081 2222 1146 2255 267
1174 2221 1428 2266 Gregoruttius
1461 2220 1592 2265 publici
1626 2219 1712 2253 iuris
1749 2219 1833 2253 fecit

281 2281 438 2324 titulum,
476 2293 544 2325 quo
582 2282 725 2315 Acilius
759 2281 912 2326 quidam.
952 2282 1054 2315 miles
1088 2281 1237 2325 legionis
1267 2281 1362 2315 VIII.
1403 2280 1604 2324 appellatur
1645 2279 1831 2313 missicius.

282 2340 467 2375 Similliine
494 2340 673 2385 probabile
699 2343 753 2375 est
778 2342 919 2385 saepius
945 2341 1091 2379 milites,
1129 2342 1189 2385 qui
1229 2341 1321 2375 cirea
1355 2341 1454 2374 illam
1489 2340 1664 2384 regionem
1699 2338 1833 2372 stativa

280 2401 465 2443 habebant,
492 2401 667 2445 stipendia
692 2402 727 2435 in
754 2402 865 2436 classe
894 2402 1074 2436 meruisse.
1125 2402 1167 2436 cf.
1197 2402 1219 2435 1.
1246 2401 1268 2434 1.
1296 2412 1329 2444 p.
1355 2401 1493 2445 269s70.

420 2461 446 2504 ³³)
481 2461 639 2505 eogitari
665 2461 771 2495 etiam
798 2464 929 2505 potest,
968 2462 1093 2496 classis
1124 2464 1260 2505 partein
1292 2461 1341 2495 ibi
1372 2461 1561 2495 stationem
1595 2457 1760 2493 habuisse
1789 2457 1832 2492 ob
1875 2481 1878 2484 -

280 2522 474 2566 portorium
488 2523 714 2564 maritimum,
743 2521 901 2565 quodibi
932 2522 1139 2556 institutum
1166 2522 1275 2556 fuisse
1301 2522 1369 2556 iani
1396 2519 1671 2556 commemoravi.
1700 2539 1742 2544 -
1769 2518 1832 2554 Ce—

281 2586 393 2617 terum
420 2582 563 2617 silentio
588 2582 644 2617 hic
673 2593 739 2615 non
768 2584 995 2625 praetoremn,
1029 2582 1239 2627 diligentius
1265 2583 1295 2615 si
1323 2582 1403 2625 quis
1427 2580 1685 2623 contempletur
1711 2578 1832 2613 multi-

281 2643 439 2677 tudinem
476 2643 682 2684 statiouum,
723 2643 851 2687 quibus
885 2644 1042 2686 portoria
1074 2654 1113 2677 ac
1137 2643 1328 2687 vectigalia
1352 2652 1456 2686 prope
1483 2640 1683 2685 Aquileiam
1710 2642 1833 2674 exacta

281 2703 363 2745 siut,
404 2703 506 2737 facile
539 2714 615 2737 eum
648 2703 912 2737 intellecturum
951 2714 1035 2745 esse,
1076 2702 1182 2736 dubio
1220 2703 1293 2736 iure
1326 2701 1510 2746 imperium
1536 2700 1731 2735 Romanum
1767 2698 1832 2743 „ob

281 2763 509 2807 vectigalium
536 2764 819 2798 iinnulnitateni“
850 2764 908 2807 (cf.
928 2763 1057 2798 Friedl.
1081 2762 1316 2807 Sittengesch.
1344 2762 1390 2802 ΙΙ,
1419 2763 1476 2797 515)
1501 2761 1629 2795 efferri.
1677 2758 1832 2805 Aliquot

281 2823 507 2867 vectigalium
534 2824 709 2858 stationes
737 2834 843 2867 prope
869 2822 1075 2867 Aquileiam
1102 2822 1291 2856 institutas
1326 2821 1545 2855 emuueravit
1570 2818 1830 2864 Marquardtus,

281 2884 333 2918 St.
362 2884 404 2918 V.
431 2884 478 2924 11,
506 2885 582 2921 273,
610 2882 697 2917 ΛΑ.
723 2884 754 2926 3,
781 2885 811 2919 ἶ»,
861 2885 903 2917 es.
931 2885 1036 2918 etiam
1064 2883 1239 2927 lungium.
1267 2882 1304 2914 P..
1335 2882 1370 2916 L.
1398 2882 1473 2914 323⁸..

417 2944 444 2983 ⁴)
472 2943 597 2977 Strabo
628 2945 664 2985 V,
698 2946 723 2985 1,
748 2944 786 2988 8,·
813 2947 843 2985 ii,
875 2946 922 2978 12.
976 2944 1033 2986 Π,
1064 2946 1094 2985 ti,
1120 2944 1150 2983 Ο,
1183 2944 1230 2976 10.
