2034 3382
938 259 1106 301 —19

300 391 428 419 naves
460 374 659 430 imposita
691 374 931 428 pervenisse
975 388 999 414 a
1031 372 1234 422 Corcora,
1275 371 1389 425 quod
1432 370 1584 412 flumen
1627 370 1666 412 in
1699 369 1856 413 Savum

299 448 540 499 effunditur,
573 445 629 488 ad
653 445 904 489 Danubium
935 445 1150 499 Pontique
1181 449 1331 486 terras.
1392 442 1547 497 Itaque
1578 446 1624 484 ut
1647 442 1700 484 ab
1724 442 1858 497 Aqui-

298 521 380 563 leia
408 519 573 561 initium
604 516 848 559 habuerunt
878 516 1096 572 pedestria
1128 516 1212 557 duo
1244 516 1408 565 itinera,
1441 528 1551 568 quae
1574 514 1630 555 ad
1653 515 1857 556 orientem

299 587 543 645 vergebant,
585 589 646 630 ita
686 588 802 630 haud
842 589 990 643 procul
1020 588 1074 630 ab
1111 589 1204 642 ipsa
1245 587 1351 628 urbe
1397 585 1689 628 onerabantur
1720 600 1858 636 naves,

298 675 407 717 quae
437 675 515 717 per
544 660 706 702 Istrum
737 660 894 702 flumen
926 659 1158 702 occidentis
1187 663 1227 700 et
1260 659 1435 701 orientis
1476 663 1613 700 terras
1655 658 1859 712 quodam-

297 734 424 778 modo
456 733 693 788 iungebant
709 734 756 790 1).

435 804 707 861 Quamquam
732 819 783 847 ex
811 804 887 855 his,
923 818 1033 859 quae
1056 818 1185 858 supra
1209 803 1428 858 disputata
1450 808 1559 855 sunt,
1593 804 1695 845 satis
1719 806 1860 858 potest

298 879 501 934 intellegi,
531 879 830 922 commercium
852 878 1035 919 maxime
1058 876 1187 919 fuisse
1207 877 1249 918 in
1277 891 1418 929 causa,
1446 891 1521 919 cur
1542 876 1745 931 Aquileia
1767 880 1858 918 tan-

298 956 389 994 tum
407 952 588 1007 polleret
606 965 902 1006 summumque
921 951 1140 1005 potentiae
1158 950 1339 1005 gradum
1354 954 1530 1004 teneret,
1559 955 1703 992 tamen
1722 963 1860 1005 pauca

298 1025 595 1068 tantummodo
628 1025 678 1067 de
710 1039 755 1066 re
786 1025 880 1079 ipsa
911 1023 1142 1066 traduntur
1174 1025 1522 1079 argumentisque
1559 1023 1724 1065 invictis
1765 1036 1860 1077 pro-

298 1098 467 1142 bantur.
529 1097 731 1152 Namque
762 1098 840 1138 etsi
880 1097 922 1138 in
960 1096 1095 1138 tit-ulis
1127 1096 1295 1150 saepius
1327 1099 1716 1138 commemorantur
1747 1098 1861 1136 artes

298 1170 538 1225 complures
579 1173 709 1225 atque
753 1169 932 1224 collegia
975 1168 1210 1223 quaedam,
1259 1183 1343 1222 qua
1387 1183 1437 1210 ex
1476 1182 1521 1209 re
1562 1167 1678 1210 haud
1718 1168 1859 1222 inepte

295 1246 438 1298 potest
477 1241 638 1296 aliquid
685 1242 916 1283 coniectari
960 1241 1011 1282 de
1053 1242 1307 1283 commercio
1351 1241 1562 1282 artissime
1605 1239 1859 1282 cohaerente

297 1329 392 1356 cum
425 1313 601 1367 artibus,
634 1317 778 1355 tamen
815 1313 913 1354 huic
956 1314 1018 1354 rei
1061 1314 1199 1363 minus
1241 1312 1517 1355 tribuendum
1560 1312 1728 1354 videtur
1769 1326 1858 1354 esse

296 1401 374 1441 pro
407 1386 601 1441 graviore
632 1386 718 1438 illa,
764 1386 878 1440 quod
908 1387 1207 1428 commercium
1240 1386 1517 1441 Aquileiense
1549 1386 1731 1428 maxime
1763 1400 1859 1428 con-

299 1458 517 1500 tinebatur
547 1459 872 1501 transvectione.
932 1458 999 1500 De
1033 1459 1152 1500 cuius
1184 1459 1426 1501 commercii
1449 1473 1602 1514 genere
1626 1473 1676 1500 ac
1697 1459 1860 1513 magni-

297 1530 446 1573 tudine
486 1544 582 1572 cum
613 1530 717 1572 nihil
751 1530 839 1573 fere
874 1535 1021 1573 notum
1055 1532 1120 1584 311,
1164 1532 1243 1573 nisi
1275 1532 1390 1586 quod
1420 1546 1470 1574 ex
1498 1530 1615 1573 urbis
1643 1532 1727 1573 situ
1756 1535 1860 1573 tem-

436 1661 464 1701 ¹)
495 1659 548 1693 De
574 1658 781 1693 commercio
807 1658 1010 1702 antiquitus
1038 1659 1106 1692 iam
1129 1659 1221 1693 inter
1241 1658 1487 1693 Hadriaticum
1507 1669 1601 1692 mare
1622 1660 1658 1692 et
1672 1657 1860 1691 Ponticum

296 1719 392 1754 facto
418 1718 559 1753 videtur
584 1718 729 1752 obscure
755 1717 928 1762 quaedam
957 1718 1158 1763 significare
1185 1719 1282 1753 locus
1308 1717 1734 1753 Pseudo-Aristotelicus
1764 1717 1862 1757 (περὶ

296 1782 460 1823 θαυμασ.
487 1777 639 1822 οἱκουσμ.
665 1790 694 1814 c.
722 1779 786 1813 104
811 1790 844 1822 p.
869 1779 936 1813 839
962 1779 1102 1822 Bekk.):
1132 1779 1192 1813 Ad
1218 1790 1312 1814 mare
1342 1779 1569 1813 Adriaticum
1598 1778 1751 1813 incolere
1776 1788 1860 1822 gen—

297 1844 380 1880 tem,
413 1841 514 1875 cuius
539 1841 616 1885 agri
640 1840 798 1875 Histriae
834 1840 977 1874 finitimi
1017 1840 1250 1874 terminentur
1288 1842 1361 1874 tam
1389 1839 1474 1873 altis
1513 1838 1705 1881 montibus,
1744 1841 1783 1873 ut
1821 1849 1861 1872 ex

298 1911 415 1935 eorum
430 1901 561 1937 vertice
574 1903 764 1935 cernantur
777 1911 883 1935 naves
898 1901 932 1934 in
956 1900 1071 1934 Ponto
1091 1901 1227 1934 Euxino
1249 1903 1498 1934 commeantes.
1549 1899 1740 1933 Simillima
1757 1899 1863 1943 Poly-

298 1961 392 1995 bium
419 1961 550 2003 (Strab.
569 1962 629 2003 VI,
659 1961 726 1995 313
746 1962 791 1996 cf.
808 1961 883 1995 Liv.
900 1963 954 2003 44),
978 1962 1036 2003 21)
1063 1961 1261 1995 invenimus
1289 1971 1478 2003 enarrasse,
1506 1971 1582 1994 cum
1594 1959 1749 2001 adderet,
1770 1960 1862 1993 inter

298 2025 436 2057 montes
452 2023 536 2057 illos
550 2025 660 2068 atque
677 2023 830 2057 Pontum
845 2033 920 2057 esse
939 2022 1057 2056 locum
1075 2021 1260 2073 quendam,
1287 2032 1356 2065 quo
1372 2024 1584 2056 mercatores
1605 2023 1640 2055 et
1661 2020 1704 2055 ab
1724 2021 1861 2054 Euxino

299 2086 335 2119 et
367 2083 410 2119 ab
441 2082 632 2119 Adriatico
666 2085 752 2118 mari
788 2084 832 2118 ad
859 2094 1075 2119 communem
1103 2085 1296 2117 mercatum
1323 2082 1478 2116 solerent
1504 2082 1698 2117 convenire.
1763 2081 1858 2122 Quas

297 2144 517 2179 narrationes
543 2144 732 2179 verisimile
760 2147 814 2179 est
840 2144 882 2179 ab
901 2155 941 2179 ea
967 2155 1002 2179 re
1029 2147 1134 2178 natas
1163 2155 1248 2180 csse.
1276 2143 1370 2188 (111011
1394 2154 1513 2177 revera
1539 2144 1742 2187 antiquitus
1768 2143 1862 2177 inter

299 2206 451 2239 Pontum
478 2209 514 2240 et
542 2205 694 2240 Δ1111111111
721 2206 969 2240 commercium
995 2216 1054 2249 per
1081 2205 1227 2240 flumina
1252 2206 1386 2239 factum
1413 2216 1488 2239 esse
1522 2207 1679 2248 apparet.
1729 2204 1861 2237 Locum

297 2268 474 2300 mercatus
502 2266 601 2300 illius
628 2266 808 2310 explorare
832 2266 973 2300 videtur
1000 2269 1035 2300 ct
1062 2266 1312 2301 difficillimum
1341 2269 1376 2300 et
1409 2266 1643 2310 superfluum:
1684 2264 1744 2299 sed
1768 2264 1861 2298 haud

300 2327 418 2369 inepte
443 2329 564 2370 potest
589 2327 739 2371 cogitari
766 2326 808 2361 (le
831 2326 1029 2371 Nauporto,
1059 2326 1153 2370 quod
1181 2326 1348 2370 oppidum
1369 2326 1527 2370 antiquis
1550 2326 1619 2360 iam
1644 2325 1862 2369 temporibus

259 2427 261 2429 Ι
302 2387 494 2430 emporium
520 2386 664 2421 videtur
690 2387 801 2421 fuisse
826 2387 994 2421 mercium
1021 2386 1063 2420 ab
1090 2385 1281 2421 Adriatico
1312 2387 1399 2420 mari
1432 2386 1475 2420 ad
1501 2386 1669 2420 Ponticas
1702 2386 1861 2431 regiones

302 2446 636 2481 transferendarum.
687 2446 813 2490 Atque
842 2458 922 2481 cum
950 2448 1048 2481 locus
1075 2447 1176 2491 quasi
1204 2447 1238 2480 in
1266 2446 1382 2481 medio
1409 2447 1502 2480 situs
1529 2450 1622 2481 esset
1654 2447 1746 2481 inter
1772 2447 1861 2480 occi-

302 2505 442 2541 dentem
478 2512 514 2542 et
553 2508 725 2542 orientem
772 2510 807 2541 et
842 2510 1030 2552 utrumque
1068 2518 1161 2541 mare
1197 2507 1455 2551 quodammodo
1495 2508 1733 2551 coniungeret,
1770 2506 1861 2540 haud

302 2566 426 2600 mirum
454 2570 547 2601 certe
574 2573 627 2601 est
654 2567 788 2601 marina
817 2568 962 2601 numina
989 2567 1087 2602 culta
1127 2578 1202 2602 esse
1227 2570 1334 2611 atque
1360 2567 1566 2610 Neptunum
1593 2566 1862 2610 Aecornamque

301 2625 403 2660 aedes
429 2626 477 2660 ibi
504 2626 681 2661 habuisse.
732 2626 775 2660 cf.
797 2626 872 2660 CIL
893 2626 921 2667 1,
942 2628 1019 2660 271.
1048 2647 1090 2651 —
1116 2627 1281 2661 Dubitari
1303 2628 1411 2661 etiam
1440 2631 1567 2671 potest,
1594 2638 1636 2661 an
1664 2627 1861 2661 commercii

302 2686 543 2730 antiquissimi
582 2687 749 2721 memoria
784 2686 1029 2729 cognoscenda
1068 2688 1117 2720 sit
1147 2698 1188 2721 ex
1222 2687 1343 2721 fabula
1381 2687 1421 2721 110
1457 2687 1682 2731 Argonautis
1719 2686 1861 2722 tradita.

303 2757 391 2789 quos
416 2747 577 2781 nonnulli
604 2747 749 2791 (Zosini.
772 2749 804 2787 Γι,
831 2748 889 2784 291
928 2750 1124 2781 memorant
1158 2759 1194 2781 ex
1232 2748 1325 2782 Istro
1358 2749 1392 2781 in
1433 2748 1588 2781 Dravum
1615 2751 1650 2782 et
1676 2747 1861 2782 Corcoram

302 2809 424 2842 vectos
453 2806 499 2841 arl
525 2807 709 2842 Timavum
736 2808 882 2849 venisse,
911 2807 956 2841 :ul
987 2808 1079 2852 (111011
1106 2808 1235 2842 flumen
1255 2808 1435 2853 Cyllarujn
1468 2819 1596 2852 equum
1623 2808 1752 2843 Castor
1777 2807 1862 2842 ‹lici-

303 2870 362 2901 tur
388 2869 560 2911 aquatum
587 2867 738 2902 (luxisse.
789 2869 865 2909 Qua
892 2869 925 2901 in
954 2879 988 2901 re
1014 2867 1106 2912 «111011
1134 2867 1195 2902 alii
1218 2868 1439 2912 Nauportum
1470 2868 1530 2902 alii
1554 2868 1723 2902 Emonam
1745 2866 1862 2913 Argo-

302 2929 432 2962 nautas
456 2926 639 2961 advenisse
665 2930 821 2969 narrant,
848 2928 928 2963 111110
954 2927 1094 2962 videtur
1121 2927 1376 2972 explicandum,
1405 2927 1498 2971 1111011
1524 2930 1642 2962 aetate
1667 2927 1863 2971 posteriore

304 2989 475 3032 Nauporti
503 2988 749 3022 commercium
780 2990 948 3023 Emonam
977 2991 1121 3023 constat
1147 2988 1330 3023 transisse.

1681 3055 1724 3076 o*

1682 3081 1700 3089 ι-
