2034 3382
926 243 1213 285 -20-

294 354 552 409 poribusque
593 354 815 409 colligitur,
860 356 944 396 iam
982 356 1043 396 ita
1071 355 1211 409 placet
1252 356 1454 398 nonnulla
1489 370 1753 411 componere,
1801 361 1850 399 ut

294 427 476 480 primum
511 426 563 469 de
592 426 732 479 rebus⁷
765 441 876 481 quae
908 428 1090 468 maxime
1113 427 1309 469 videntur
1330 428 1372 469 in
1395 428 1568 470 Italiam
1591 430 1848 483 importatae

294 511 397 551 esse,
444 502 534 539 tum
567 512 665 539 vero
699 498 750 539 de
782 497 993 540 mercibus
1026 513 1076 540 ex
1108 498 1237 541 Italia
1276 501 1527 542 transvectis
1566 500 1738 543 uberius
1781 515 1849 544 ex-

292 570 525 623 planemus.

428 642 496 683 Ac
518 643 700 696 primum
724 642 893 696 quidem
925 646 1093 683 constat
1125 643 1268 693 sucini,
1304 643 1419 697 quod
1449 658 1578 698 supra
1609 645 1707 697 dixi,
1741 659 1848 687 mer-

292 718 485 755 caturam
516 714 570 755 ad
603 715 841 768 posteriora
872 729 1005 768 usque
1035 719 1229 768 tempora
1261 714 1463 758 floruisse.
1526 716 1707 759 Praeter
1734 718 1849 772 equi-

290 790 375 827 tem
417 786 534 827 illum
574 785 831 838 Romanum,
880 801 1004 840 quem
1042 786 1205 828 Plinius
1249 788 1304 842 (n.
1337 787 1375 828 li.
1408 790 1472 838 37,
1505 789 1578 843 45)
1626 794 1775 831 narrat
1821 804 1847 831 a

291 857 464 900 Nerone
496 858 669 899 missum
705 872 795 899 esse
839 858 892 899 ad
926 859 1055 899 maris
1096 858 1251 900 Baltici
1284 874 1404 911 oras,
1456 864 1502 901 ut
1547 859 1600 901 ob
1646 861 1845 904 ludorum

289 931 613 972 sollemnitatem
631 931 861 972 maximam
881 931 1014 971 sucini
1033 931 1114 971 vim
1139 931 1376 981 redimeret,
1397 933 1566 987 saepius
1587 937 1846 976 mercatores

289 1018 314 1044 a
336 1002 572 1052 Carnunto,
605 1002 761 1056 oppido
790 1001 1065 1045 celeberrimo
1094 1004 1310 1057 profectos
1332 1005 1375 1045 in
1397 1005 1569 1046 intimas
1587 1004 1847 1048 Germaniae

286 1079 431 1130 partes
461 1079 710 1130 penetrasse
740 1076 843 1117 satis
876 1075 1010 1117 multa
1042 1081 1306 1130 argumenta,
1341 1091 1451 1131 quae
1482 1078 1575 1132 ipsa
1600 1082 1718 1119 terra
1737 1078 1848 1120 inter

287 1145 433 1188 Albim
466 1146 679 1191 Viadrum
712 1146 1014 1202 Vistulamque
1046 1148 1269 1191 interiecta
1300 1150 1381 1191 hac
1420 1154 1562 1191 aetate
1600 1149 1744 1202 edidit,
1787 1149 1848 1191 di-

283 1219 420 1261 lucide
450 1218 636 1273 probant
652 1220 697 1269 1).
759 1218 936 1261 Traiani
967 1220 1159 1273 inprimis
1200 1221 1465 1275 temporibus
1504 1221 1697 1263 sucinum
1736 1221 1847 1263 inter

284 1305 352 1332 res
395 1291 563 1332 venales
609 1291 887 1345 praecipuum
934 1291 1073 1332 locum
1120 1293 1304 1333 tenuisse
1349 1292 1516 1334 videtur
1562 1292 1846 1335 demonstrari

284 1376 440 1417 magna
470 1377 741 1405 nummorum
773 1365 908 1418 copia,
940 1378 1049 1417 quae
1074 1365 1115 1404 in
1139 1364 1457 1407 Germanorum
1488 1364 1643 1406 finibus
1675 1367 1846 1419 reperta

283 1435 553 1489 imperatoris
585 1435 694 1477 illius
727 1440 914 1477 aetatem
945 1450 1049 1490 prae
1080 1450 1123 1477 se
1154 1437 1298 1492 fei-122).
1362 1436 1514 1492 Neque
1547 1437 1699 1479 desunt
1729 1437 1846 1478 testi-

283 1508 438 1560 monia,
482 1507 635 1562 quibus
669 1508 954 1550 'manifestum
986 1518 1060 1559 cst,
1104 1508 1145 1549 id
1189 1510 1490 1551 commercium
1523 1514 1676 1563 quarto
1718 1509 1845 1550 etiam

283 1580 450 1622 saeculo
494 1595 534 1634 p.
578 1580 679 1623 Chr.
725 1596 762 1623 n.
801 1581 1086 1635 permansisse
1102 1582 1146 1635 3).
1210 1580 1349 1636 Quam
1400 1596 1582 1623 mercem
1629 1582 1757 1623 etiam
1802 1583 1844 1623 in

285 1653 598 1694 transvectione
641 1668 717 1708 per
754 1653 1001 1707 Aquileiam
1046 1653 1159 1695 facta
1205 1655 1387 1696 maxime
1422 1654 1673 1710 vendibilem
1718 1654 1845 1697 fuisse

287 1723 404 1766 haud
435 1728 594 1766 temere
627 1725 730 1766 mihi
761 1725 906 1767 videor
936 1725 1139 1768 iudicare.

425 1796 607 1839 Praeter
639 1798 830 1839 sucinum
861 1798 972 1839 inter
1003 1812 1070 1839 res
1094 1812 1169 1852 per
1198 1798 1446 1852 Aquileiam
1469 1799 1724 1853 importatas
1754 1800 1844 1842 sine

284 1868 414 1910 dubio
437 1869 576 1911 locum
598 1870 779 1911 maxime
811 1871 1088 1924 praecipuum
1113 1875 1342 1912 tenuerunt
1373 1876 1414 1913 et
1444 1885 1553 1926 quae
1583 1873 1624 1913 in
1658 1873 1840 1914 metallis

282 1940 450 1983 Noricis
473 1941 786 1984 effodiebantur
810 1947 852 1985 et
874 1957 984 1997 quae
1007 1944 1122 1985 circa
1140 1942 1345 1986 Noreiam
1368 1943 1693 1987 fabricabantur
1709 1945 1842 1988 ferra-

282 2019 441 2057 menta.
505 2014 624 2069 Quas
668 2030 829 2058 merces
866 2016 909 2057 in
933 2015 1113 2072 'Italiam
1155 2017 1337 2058 maxime
1380 2018 1566 2059 invectas
1606 2017 1736 2060 fuisse
1778 2018 1842 2060 vel

281 2087 379 2129 inde
411 2092 613 2142 apparet,
660 2087 775 2142 quod
815 2087 1025 2140 Romani,
1067 2102 1329 2143 quamquam
1360 2090 1629 2136 metallorum
1653 2091 1840 2132 omnium

282 2159 505 2201 fertilitate
546 2160 672 2202 nullis
715 2161 840 2202 terris
885 2160 1013 2202 Italia
1058 2162 1203 2212 cessit,
1255 2167 1396 2204 vetere
1434 2163 1626 2205 consulto
1669 2168 1838 2217 patrum

280 2231 435 2274 Italiae
478 2234 597 2287 parci
638 2232 872 2274 iubentium
913 2233 1045 2287 ipsius
1086 2234 1253 2287 patriae
1287 2235 1462 2276 metalla
1491 2249 1692 2277 exercere
1721 2234 1838 2276 vetiti

282 2304 457 2360 erantsl)
534 2304 742 2346 Ferraria
782 2305 974 2359 inprimis
1015 2306 1189 2347 metalla
1218 2305 1381 2348 Norica
1413 2311 1743 2349 consentaneum
1777 2311 1841 2347 est

280 2375 487 2418 Romanis
531 2390 686 2431 magno
727 2378 769 2418 in
818 2391 965 2418 amore
1010 2377 1140 2419 fuisse
1183 2378 1235 2419 ob
1280 2378 1669 2433 frequentissimum
1710 2392 1835 2420 usum

281 2462 499 2491 armorum
534 2449 805 2503 omniumque
828 2463 939 2503 quae
961 2449 1017 2491 ad
1035 2449 1193 2492 bellum
1213 2452 1428 2504 pertinent
1444 2453 1837 2495 instrumentorum.
1895 2470 1899 2472 “

419 2546 445 2589 ¹)
472 2546 515 2580 cf.
544 2557 573 2581 c.
603 2557 634 2590 g.
661 2544 931 2590 Marquardtum
959 2545 1051 2579 Priv.
1081 2545 1169 2580 Leb.
1199 2557 1230 2589 p.
1259 2548 1334 2580 71-1.

416 2604 442 2649 ‘·‘)
470 2605 520 2639 De
545 2605 600 2639 his
627 2604 730 2639 rebus
755 2605 857 2648 plura
891 2605 1090 2649 disputavit
1117 2605 1386 2641 Sadkowskius:
1432 2606 1493 2640 Die
1521 2606 1835 2642 Handelsstrassen

280 2663 340 2698 der
365 2663 535 2699 Gricchen
561 2664 630 2698 und
660 2664 786 2698 R'omcr
813 2691 819 2698 .
849 2693 855 2699 .
884 2692 890 2698 .
922 2693 929 2699 .
961 2692 967 2699 .
995 2677 1037 2699 an
1073 2665 1128 2700 <lic
1155 2666 1311 2700 Gestade
1345 2665 1405 2700 des
1432 2665 1518 2700 halt.
1546 2666 1689 2702 Meeres.
1738 2667 1836 2702 1877.

279 2723 448 2768 Wibergii
485 2724 611 2758 librum
652 2725 712 2768 qui
751 2724 974 2760 inscribitur:
1017 2726 1086 2759 Der
1121 2726 1276 2759 Einrluss
1310 2724 1369 2760 der
1392 2725 1499 2759 klass.
1523 2726 1649 2761 Volkcr
1673 2727 1738 2762 auf
1772 2727 1836 2762 den

279 2784 422 2819 Norden
449 2784 556 2819 durch
582 2785 974 2827 denHaudelsverkclir,
1007 2788 1041 2820 et
1060 2785 1616 2821 Waldinanni'dissertationem:
1645 2788 1716 2822 Der
1730 2788 1836 2823 Bern—

280 2845 371 2879 stein
398 2845 446 2878 im
473 2845 669 2885 Altertum,
699 2846 795 2887 1883,
824 2856 893 2879 non
917 2846 1020 2880 licuit
1045 2846 1131 2880 mihi
1158 2857 1376 2890 cognoscere.

421 2904 447 2945 3)
476 2904 732 2946 Friedlaender,
762 2906 1097 2950 Sittengcschichtc.
1127 2907 1171 2947 ΙΙ,
1199 2907 1251 2940 [³3.

414 2965 441 3005 ⁴)
467 2964 557 2998 Plin.
588 2976 620 3000 n,
647 2965 678 3000 11.
706 2966 738 3008 3,
770 2966 833 2998 128
859 2966 900 2999 cl'.
928 2966 982 3006 323,
1011 2966 1064 3000 78.
