2034 3382
925 300 1211 340 —24—

284 410 436 453 aetatis
469 410 720 464 Augusteae
760 416 929 465 poetam
965 413 1251 467 Aquileiensis
1292 415 1371 455 vini
1413 415 1568 457 ardore
1604 416 1837 458 inflamma-

284 487 372 524 tum
398 483 485 525 eius
505 482 654 525 laudes
681 483 972 538 praedicasse3
1007 487 1126 540 atqui
1157 487 1506 529 verisimillimum
1543 492 1605 530 est
1637 489 1720 531 iam
1746 493 1837 530 tum

282 556 393 599 inter
422 555 683 598 nobilissima
724 557 827 598 illud
859 572 949 599 esse
984 557 1190 601 habitum.
1253 558 1401 614 Atque
1442 574 1536 601 oum
1569 561 1710 602 omnia
1741 561 1838 603 vina

284 628 397 670 circa
434 627 682 682 Aquileiam
714 633 816 670 nata
859 629 1112 682 laudantur,
1155 634 1246 672 tum
1290 630 1555 685 potissimum
1597 633 1838 687 accepimus

282 699 623 744 laudatissimum
668 700 795 742 fuisse
836 701 879 741 id
913 702 1074 764 vinum,
1119 701 1233 756 quod
1277 716 1301 743 a
1333 701 1495 744 Pucino
1539 704 1712 746 castello
1739 719 1836 759 pro-

221 811 223 813 .
283 772 393 813 xime
423 771 479 814 ad
498 771 647 814 urbem
679 773 759 814 sito
790 787 943 815 nomen
974 775 1184 829 recepit.¹)
1248 773 1385 827 Nigro
1409 774 1562 827 colore,
1596 776 1836 819 admirabili

285 859 441 899 sapore
483 844 672 886 habebat
710 845 814 886 illud
844 846 1035 899 inprimis
1069 847 1245 887 virtutos
1278 846 1477 899 medicas,
1511 863 1620 901 quae
1652 864 1677 890 a
1709 850 1836 904 scrip-

284 917 485 972 toribus2)
526 917 706 959 multum
747 917 990 961 laudantur.
1053 918 1393 961 Saluberrimum
1439 920 1566 961 fuisse
1608 919 1651 961 id
1696 921 1835 963 vinum

285 990 603 1033 demonstratur
633 990 705 1032 illa
731 1005 899 1044 quoquc
922 1005 968 1032 re
990 990 1221 1041 notissima,
1257 990 1369 1044 quod
1385 990 1509 1033 Livia
1541 991 1694 1033 dieitur
1725 982 1840 1035 affirss

286 1077 439 1115 masse,
473 1062 628 1104 debere
653 1077 742 1105 sese
766 1064 847 1104 vini
870 1063 1024 1105 Pucini
1047 1063 1141 1104 usui
1161 1063 1379 1116 octaginta
1402 1062 1508 1104 duos
1522 1064 1630 1105 vitae
1652 1065 1837 1121 annos.3)

284 1135 439 1190 Itaque
481 1150 575 1177 cum
618 1135 671 1177 ob
719 1137 1047 1190 generositatem
1095 1136 1357 1189 virtutesque
1406 1150 1512 1191 quas
1556 1135 1641 1177 dixi
1687 1137 1837 1179 merito

287 1207 506 1249 celerrime
547 1207 643 1249 vina
681 1207 753 1248 illa
790 1208 833 1248 in
866 1208 1167 1250 auctoritatem
1199 1212 1240 1248 et
1272 1207 1538 1249 nobilitatem
1568 1209 1838 1262 pervenirent

289 1279 553 1333 multumque
586 1278 944 1335 venditarentur-4)
976 1280 1018 1320 in
1050 1279 1239 1331 Italiam,
1268 1279 1384 1320 haud
1415 1280 1568 1321 mirum
1601 1285 1677 1332 est,
1708 1281 1843 1323 totius·

284 1351 469 1405 regionis
499 1351 659 1394 incolas
689 1351 732 1393 in
764 1350 918 1392 vitibus
951 1351 1344 1393 serendis=maxime
1367 1351 1554 1393 studium
1590 1352 1835 1398 collocasse.
1866 1390 1869 1394 .

285 1424 371 1467 Sed
402 1423 678 1466 memorabile
712 1428 795 1475 est,
841 1423 894 1465 ob
937 1416 1351 1478 praestantissimam
1395 1432 1536 1466 terrae
1574 1425 1837 1468 fertilitatem

284 1498 429 1539 vitium
461 1497 671 1539 culturam
705 1497 827 1551 quasi
860 1511 945 1538 una
976 1497 1104 1538 fuisse
1130 1498 1318 1538 iunctam
1351 1511 1446 1538 cum
1478 1511 1680 1551 agrorum
1713 1498 1836 1541 arbo-

284 1584 464 1624 rumque
519 1584 631 1612 cura.
709 1569 939 1611 Traditum
994 1570 1104 1611 eninr
1156 1573 1218 1611 est
1271 1584 1443 1623 campos
1500 1569 1658 1612 obsitos
1710 1570 1837 1614 fuisse
1863 1569 1869 1574 ’

422 1696 447 1737 ¹)
475 1697 607 1730 Vinum
635 1696 805 1730 Pucinum
844 1698 981 1730 montes
1017 1706 1138 1729 versus
1176 1695 1210 1728 in
1249 1696 1377 1738 apricis
1418 1695 1569 1730 collibus
1607 1696 1837 1741 gignebatur;

284 1768 353 1803 qua
378 1757 419 1792 de
445 1768 551 1791 causa
576 1756 737 1791 Plinius:
766 1757 995 1800 „coquitur“;
1021 1756 1063 1791 cf.
1094 1756 1186 1790 Plin.
1216 1767 1247 1789 n.
1265 1756 1296 1789 h.
1316 1755 1414 1796 XIV,
1444 1758 1485 1790 o':
1511 1757 1671 1802 gignitur
1696 1757 1731 1791 in
1758 1758 1837 1792 sinu

287 1816 464 1852 Adriatici
493 1818 611 1858 maris.
650 1828 718 1850 non
744 1816 865 1860 procul
892 1827 913 1850 a
939 1816 1084 1850 Timavo
1113 1816 1209 1850 fonte
1242 1827 1346 1850 saxeo
1379 1816 1468 1850 colle
1501 1817 1680 1851 maritimo
1711 1817 1837 1853 afflatu

284 1888 414 1922 paucas
441 1879 613 1922 coquente
638 1876 836 1921 amphoras.
889 1877 932 1911 es.
956 1875 1230 1910 Marchesettam
1256 1876 1289 1908 in
1317 1874 1426 1910 Arch.
1454 1876 1568 1911 triest.
1597 1877 1640 1917 V,
1669 1877 1733 1911 431
1761 1888 1836 1923 sqq.

422 1937 448 1981 2)
475 1938 581 1972 Velut
608 1938 648 1979 is,
671 1936 967 1981 quiDioscoridis
992 1935 1100 1970 libros
1122 1936 1373 1970 commentario
1398 1936 1578 1978 instruxit,
1603 1937 1837 1982 proprietates

285 1998 506 2042 virtutesque
533 1997 686 2032 medicas
714 1997 855 2034 Pucini.
895 1995 988 2041 quod
1017 2007 1082 2031 sua
1108 1998 1226 2030 aetate
1253 1996 1399 2030 maxime
1426 1995 1612 2040 probatum
1638 1996 1747 2032 fuisse
1775 1998 1836 2039 ait,

285 2058 338 2091 his
365 2057 517 2101 explicat
541 2057 655 2091 verbis
693 2056 750 2095 (cf.
779 2056 974 2091 Comment.
1007 2057 1124 2091 Diosc.
1152 2057 1185 2090 in
1214 2055 1289 2090 libr.
1322 2057 1359 2096 V,
1387 2057 1406 2088 7
1435 2067 1467 2100 p.
1497 2057 1612 2095 132-ss
1654 2057 1750 2093 Haec
1775 2058 1835 2103 (sc.

284 2118 374 2159 vina,
408 2117 577 2152 Pucinum
605 2120 639 2151 et
668 2116 850 2161 Vipacum)
879 2128 987 2161 pauce
1015 2116 1243 2161 modesteque
1272 2119 1358 2160 pota
1383 2116 1425 2151 ad
1452 2117 1616 2151 tuendam
1645 2118 1836 2153 sanitatem

284 2178 427 2212 mirifice
455 2178 638 2212 conferunt
700 2177 740 2211 ld
766 2188 904 2222 quoque
931 2178 1006 2221 ipse
1037 2178 1252 2222 experientia
1279 2178 1312 2211 in
1342 2189 1396 2212 ine
1423 2178 1518 2212 facta
1549 2179 1700 2222 comperi
1732 2181 1838 2223 atque

284 2239 389 2274 etiam
415 2239 575 2273 omnibus⁴
606 2239 756 2283 ingenue
781 2239 908 2272 testari
933 2249 1088 2282 possum;
1115 2249 1195 2272 nam
1222 2249 1298 2272 cum
1325 2239 1448 2273 multis
1474 2242 1555 2273 ante
1580 2239 1682 2273 annis
1701 2237 1837 2273 diutur-

284 2310 348 2332 nus
375 2298 560 2333 ventriculi
589 2298 687 2332 dolor
713 2298 803 2332 male
830 2309 882 2332 inc
911 2298 1103 2339 habuisset,
1143 2309 1245 2343 quem
1280 2299 1393 2332 totius
1425 2299 1578 2342 corporis
1611 2298 1836 2334 imbecillitas

283 2359 473 2394 subsecuta
500 2362 564 2401 est,
592 2370 630 2393 ex
661 2356 783 2393 Fucini
809 2360 844 2392 et
867 2359 991 2403 Vipaci
1017 2361 1158 2393 tantum
1184 2370 1249 2392 usu
1286 2370 1338 2392 me
1375 2359 1559 2403 pristinam
1596 2370 1707 2393 meam
1743 2360 1835 2394 sani-

282 2421 394 2454 tatem
425 2423 460 2455 et
486 2420 662 2464 integrum
690 2419 793 2453 robur
822 2418 988 2462 adeptum
1016 2429 1091 2453 esse
1118 2421 1213 2453 certo
1241 2419 1325 2453 scio.
1375 2418 1428 2453 Ob
1464 2418 1499 2452 id
1536 2418 1731 2454 mirandum
1769 2431 1834 2454 non

283 2482 348 2525 est,
376 2481 405 2514 si
431 2481 571 2514 Plinius
589 2480 727 2523 magnis
753 2479 918 2513 laudibus
946 2479 1162 2522 praedicavit
1179 2480 1348 2513 Pucinum
1378 2506 1384 2513 .
1412 2507 1418 2513 .
1447 2506 1454 2513 .
1481 2479 1589 2513 Cuius
1615 2482 1708 2515 certe
1732 2481 1835 2515 test-i—
1891 2480 1894 2483 “

283 2541 399 2574 monio
426 2540 529 2583 plano
556 2539 782 2574 subscribunt
809 2540 933 2573 rustici
955 2539 1110 2582 Iapidiae
1126 2539 1273 2580 incolae,
1301 2540 1429 2583 quippe
1456 2549 1533 2572 cum
1552 2539 1575 2572 ii
1591 2539 1681 2572 vinis
1699 2538 1834 2574 Pucino

283 2601 445 2645 cognatis
483 2601 516 2634 in
543 2599 722 2635 cotidiano
750 2602 836 2643 potu
866 2601 1022 2640 utantur,
1061 2599 1237 2634 rarissime
1265 2602 1452 2643 aegrotant
1478 2602 1513 2632 et
1541 2598 1747 2642 longaevam
1773 2599 1834 2634 ad—

282 2660 423 2695 modum
451 2662 559 2695 vitam
586 2660 787 2701 traducunt,
816 2660 903 2694 adeo
933 2664 970 2694 ut
994 2660 1135 2704 plurimi
1164 2660 1390 2703 reperiantur,
1417 2658 1477 2702 qui
1504 2659 1771 2703 nonagesimum
1799 2663 1834 2695 et

282 2721 510 2756 centesimum
537 2732 663 2756 aunum
691 2721 887 2766 attingunt.

420 2781 446 2821 ³)
473 2780 562 2815 Plin.
592 2791 623 2814 n.
650 2780 681 2815 h.
707 2780 799 2817 xlv,
839 2781 876 2815 6:
913 2780 1043 2820 (Livia)
1069 2790 1177 2813 annos
1208 2779 1301 2813 vitae
1328 2778 1458 2812 Pucino
1485 2778 1627 2812 rettulit
1653 2780 1829 2822 acceptos,

283 2852 348 2876 non
376 2841 446 2875 alio
472 2852 545 2875 usa.

419 2901 446 2939 ‘l
471 2901 523 2936 Ob
549 2901 784 2936 venditionem
816 2902 850 2935 in
883 2901 1023 2935 ltaliam
1065 2901 1194 2934 saetam
1235 2901 1370 2933 tantam
1412 2900 1551 2932 constat
1589 2898 1828 2942 suppetivisse

281 2964 452 2997 «loliorum
478 2962 623 3005 copiam,
664 2964 703 2995 ut
728 2961 939 2995 Maximinus
965 2972 1042 2995 cuni
1073 2960 1188 2994 urbem
1218 2961 1362 3003 peteret,
1401 2960 1542 3003 pontem
1568 2969 1606 2993 ex
1636 2956 1680 2991 iis
1706 2960 1830 3002 posset

280 3023 431 3067 iungere.
484 3021 524 3055 cs.
552 3020 677 3055 Herod.
708 3023 738 3061 δ’,
760 3022 791 3055 3.
