2034 3382
879 303 934 309 -.
995 279 1050 318 27
1114 303 1163 308 a.-

239 393 511 435 inveniuntur
543 393 603 433 vel
641 393 883 446 saepissime
916 393 1092 447 collegia
1125 393 1192 434 illa
1228 391 1407 441 fabrum,
1441 391 1794 439 centonariorum,

240 463 686 519 dendrophororuml),
712 463 893 519 denique
926 470 1072 519 aperte
1096 465 1370 506 nominantur
1392 467 1576 504 sectores
1599 462 1795 503 materia-

238 551 333 577 rum
373 536 764 592 Aquileiensium2).
837 536 923 579 Sed
961 542 1134 591 praeter
1181 535 1287 577 haec
1335 549 1444 589 quae
1491 534 1575 576 dixi
1619 534 1794 588 collegia

239 608 448 649 exstitisse
479 608 739 663 permulta3),
790 608 904 650 haud
946 607 1071 649 dubie
1106 607 1400 649 demonstrant
1432 606 1610 659 vestigia
1641 605 1795 646 artium

238 693 289 720 ac
330 678 593 721 fabricarum
640 680 932 734 complurium,
988 694 1098 734 quae
1129 680 1168 720 in
1219 677 1325 720 urbe
1359 677 1555 719 videntur
1590 676 1794 727 floruisseg

237 750 351 792 velut
401 751 474 792 lini
528 753 569 793 in
624 753 795 807 regione
854 751 1155 806 transpadana
1207 751 1440 805 antiquitus
1490 749 1797 792 studiosissime

238 820 375 877 culti4)
408 823 584 875 fabrica,
616 824 722 866 alias
753 829 801 866 ut
829 825 1036 867 omittam.

375 894 516 950 Quam
548 897 853 951 expositionem
893 896 945 938 de
982 895 1148 938 artibus
1195 900 1235 937 et
1269 895 1480 937 industria
1517 895 1647 949 ipsius
1680 894 1797 936 urbis

237 969 432 1021 quamvis
464 970 645 1024 carptim
675 968 833 1011 factam
867 968 1049 1011 dilucide
1091 973 1273 1023 apparet
1318 983 1368 1010 ex
1400 968 1533 1011 titulis
1570 982 1620 1010 ac
1652 982 1796 1010 monu-

236 1091 269 1125 p.
297 1081 376 1117 Chr.
404 1093 436 1116 n.
472 1084 668 1117 curatorem
698 1082 816 1116 fuisse.
869 1083 912 1116 ef.
952 1081 1149 1116 Handbuch
1188 1080 1219 1114 d.
1263 1081 1366 1115 class,
1408 1080 1710 1119 Altertumswiss.
1745 1083 1796 1116 IV

238 1154 269 1187 p.
308 1143 384 1177 910.
423 1164 462 1167 ff
503 1142 600 1184 Quod
639 1143 793 1177 Concina
831 1153 863 1186 p.
903 1143 957 1183 21,
998 1141 1237 1176 Zandonatius
1276 1153 1311 1185 p.
1343 1143 1396 1183 2⁴),
1439 1142 1554 1186 iisque
1592 1143 1797 1177 auctoribus

238 1204 466 1249 Czoernigius
494 1215 526 1248 p.
543 1204 606 1237 156
627 1202 761 1243 dicunt,
775 1203 1006 1247 imperatores
1020 1202 1186 1237 habuisse
1202 1202 1391 1247 Aquileiae
1406 1214 1639 1248 purpurarum
1657 1203 1796 1249 baphia,

238 1265 347 1299 nullis
373 1264 590 1299 testimoniis
615 1264 853 1298 confirmatur.
904 1263 1139 1308 Purpurarius
1176 1264 1210 1297 in
1247 1264 1304 1298 tit.
1345 1263 1465 1305 GILV,
1501 1265 1585 1298 1044
1614 1276 1797 1299 occurrens

236 1325 327 1360 nihil
352 1325 420 1359 nisi
441 1325 644 1369 negotiator
660 1325 749 1358 artis
769 1324 996 1368 purpurariae
1022 1326 1143 1368 potest
1169 1334 1255 1359 esse.
1282 1324 1340 1368 (cf.
1357 1324 1467 1369 Marq.
1484 1325 1578 1359 Priv.
1602 1325 1640 1359 L.
1660 1337 1691 1369 p.
1706 1327 1797 1369 513).

383 1388 405 1426 ¹)
430 1385 474 1418 ef.
502 1383 640 1419 Indices
666 1384 709 1418 ad
736 1383 812 1419 CIL
838 1386 922 1418 tom.
950 1385 980 1417 V
1008 1387 1044 1419 et
1069 1384 1351 1429 Gregoruttium.
1385 1406 1428 1409 —
1449 1385 1574 1420 Fabris
1593 1386 1799 1421 adnumera-

243 1445 370 1480 bantur
399 1445 555 1479 cuiusvis
582 1446 653 1479 fere
675 1445 813 1489 generis
834 1445 996 1489 operarii,
1016 1445 1116 1480 velut
1137 1445 1227 1479 fabri
1248 1445 1402 1487 navales,
1429 1446 1632 1490 argentarii,
1659 1447 1798 1487 aurariiy

239 1506 396 1547 ocularii,
432 1506 589 1551 tignarii,
626 1507 691 1539 cet.
733 1526 775 1529 —
813 1506 864 1539 De
899 1506 1112 1540 centonariis
1146 1507 1190 1540 cf.
1225 1506 1444 1550 Marquardt.
1479 1505 1569 1540 Priv.
1598 1505 1635 1539 L.
1662 1517 1694 1550 p.
1721 1506 1797 1547 585,

239 1567 324 1610 7193
351 1566 391 1601 de
418 1566 606 1611 dendroph.
634 1565 717 1600 ibid.
744 1577 775 1609 p.
803 1566 869 1599 719
894 1577 971 1610 sqq.
1006 1566 1059 1602 St.
1088 1566 1131 1600 V.
1158 1566 1224 1608 ΙΙΙ,
1254 1567 1332 1600 371.
1360 1567 1436 1600 394.
1497 1566 1640 1601 Praeter
1672 1566 1798 1600 Matris

238 1627 389 1672 Magnae
421 1627 556 1662 cultum
594 1626 758 1661 habuisse
788 1625 823 1660 id
858 1626 1048 1671 collegium
1075 1626 1211 1661 Silvani
1251 1638 1390 1671 quoque
1417 1627 1552 1662 cultum
1580 1626 1799 1661 demonstrat

245 1687 387 1728 Preller,
415 1688 512 1721 Rom.
540 1687 652 1731 Myth.
680 1687 705 1727 Ι,
740 1686 817 1720 397.
857 1707 900 1711 —
938 1687 1070 1720 Horum
1105 1688 1212 1721 trium
1252 1687 1482 1732 collegiorum
1520 1687 1722 1722 coniunctio
1764 1690 1799 1722 et

240 1749 341 1796 quasi
364 1748 530 1792 cognatio
555 1747 698 1782 aliunde
723 1747 792 1782 iam
822 1747 1012 1781 manifesta
1043 1748 1198 1781 cernitur
1235 1748 1428 1792 Aquileiae
1458 1749 1493 1781 in
1519 1759 1569 1789 eo,
1601 1748 1694 1792 quod
1721 1760 1800 1782 cen-

241 1814 314 1843 ton.
343 1811 379 1843 et
405 1807 593 1852 dendroph.
620 1817 838 1842 communem
867 1808 1084 1851 praefectum
1123 1807 1254 1842 habent
1279 1808 1415 1851 (ΟΙΙΝ,
1445 1809 1524 1849 740)
1550 1819 1660 1852 neque
1686 1809 1800 1843 minus

242 1869 276 1901 in
303 1878 343 1902 ea
368 1879 424 1909 re,
452 1867 545 1911 quod
572 1867 722 1911 collegia
748 1866 891 1901 decreta
924 1867 1061 1901 faciunt
1098 1868 1299 1913 „suffragiis
1323 1868 1530 1903 universis'·‘.
1572 1889 1614 1892 —
1653 1869 1800 1913 Singula

241 1927 412 1972 quaedam
444 1928 485 1962 de
511 1928 566 1961 his
593 1927 754 1972 collegiis
781 1926 884 1962 docet
910 1928 967 1961 tit.
993 1928 1040 1962 M.
1070 1929 1215 1962 Antonii
1244 1928 1318 1963 Val.
1347 1929 1404 1967 (cf.
1431 1928 1652 1969 Maionicam,
1680 1929 1799 1974 Epigr.

240 1999 270 2032 p.
297 1990 340 2022 22
364 2000 416 2033 sq.
446 2009 485 2013 -—
513 1989 619 2023 Arch.
654 1989 767 2023 triest.
804 1987 848 2029 X,
880 1988 947 2022 405
974 1990 1054 2032 sq),
1094 1988 1184 2023 unde
1217 1992 1363 2033 apparet
1389 1989 1577 2034 collegium
1606 1990 1715 2024 fuisse
1743 1989 1800 2024 dc-

241 2049 346 2083 curiis
373 2048 616 2090 distributum,
654 2049 782 2093 quibus
811 2049 976 2083 videntur
1003 2049 1199 2092 praefuisse
1225 2049 1451 2091 decuriones;
1490 2050 1716 2085 nominantur
1743 2051 1799 2085 de-

239 2108 358 2144 curiae
383 2109 589 2144 Maroniana
616 2113 652 2144 et
679 2109 904 2154 Apollinaris.
930 2109 990 2143 sed
1020 2108 1165 2143 dubium
1191 2113 1258 2150 est,
1283 2121 1326 2144 au
1355 2109 1508 2145 addendi
1536 2110 1611 2144 sint
1631 2111 1799 2146 Meioren-

240 2180 295 2203 ses
321 2169 375 2203 illi
403 2169 522 2211 GlLV,
549 2170 664 2214 1703),
691 2180 780 2214 quos
800 2169 1055 2214 Gregoruttius
1081 2171 1201 2204 censet
1229 2180 1304 2204 csse
1331 2169 1469 2204 eosdem
1496 2181 1535 2205 ac
1562 2169 1798 2206 Feronienses.

381 2228 406 2273 ²)
439 2230 601 2265 Sectores
625 2233 711 2265 mat.
744 2229 872 2275 Aquil.
905 2230 1030 2271 CILV,
1064 2230 1141 2264 815.
1187 2250 1218 2254 μ
1261 2230 1405 2265 Praeter
1430 2231 1556 2276 colleg.
1585 2235 1797 2276 aquatorum

239 2291 371 2332 Peren,
398 2290 490 2335 quod
517 2302 622 2335 supra
647 2292 915 2326 commemoravi
937 2292 1088 2326 fortasse
1110 2294 1246 2335 partem
1279 2292 1388 2326 fuisse
1416 2292 1624 2336 coll—fabr„
1648 2294 1800 2328 occurrit

240 2353 345 2387 etiam
373 2352 452 2386 coll.
486 2352 738 2386 Veteranorum
773 2352 908 2396 (cmv,
936 2352 1026 2395 784).
1077 2352 1260 2394 Quomodo
1287 2353 1366 2387 coll.
1399 2354 1659 2398 ing(e11uorum)
1686 2354 1799 2389 culto-

240 2424 314 2447 rum
341 2413 476 2453 (olm,
506 2412 610 2456 8289)
639 2412 882 2456 explicandum
909 2413 968 2454 sit,
994 2412 1136 2447 videtur
1164 2413 1352 2449 incertum.

378 2474 403 2513 ³¹)
443 2472 700 2507 Zandonatium
739 2478 786 2516 (p.
829 2472 884 2507 19)
920 2475 955 2506 et
993 2471 1240 2517 Czoernigium
1280 2474 1385 2507 nimis
1426 2477 1555 2509 temere
1593 2474 1798 2512 affirmasse.

241 2533 390 2577 triginta
416 2533 570 2578 quinque
597 2533 749 2577 collegia
775 2534 808 2567 in
839 2533 1028 2577 Aquileiae
1058 2532 1178 2568 titulis
1206 2534 1364 2575 inveniri,
1396 2538 1488 2570 recte
1510 2535 1685 2570 Maionica.
1703 2547 1734 2579 p.
1756 2537 1799 2569 22<

243 2592 290 2627 A.
319 2594 332 2626 1
361 2593 624 2629 animadvertit.

386 2654 414 2693 ⁴)
440 2655 483 2689 cf.
510 2654 599 2689 Plin.
628 2666 658 2688 n.
694 2655 727 2688 h.
761 2655 861 2695 xlx,
894 2655 1016 2689 9—13.
1068 2655 1206 2700 Helbig,
1235 2655 1289 2690 die
1318 2655 1463 2690 ltaliker
1490 2657 1523 2690 in
1553 2656 1612 2691 der
1643 2656 1801 2691 l’oebenc

243 2724 276 2756 p.
301 2714 344 2746 66
369 2724 444 2758 sqq.
472 2714 595 2756 Hehu,
618 2714 810 2758 Kulturpti.
849 2725 882 2758 p.
920 2715 982 2748 152
1020 2726 1097 2759 sqq.
1125 2736 1162 2739 ,ψ
1193 2715 1311 2756 CILV,
1342 2717 1437 2750 1041.
1489 2716 1604 2751 Lanae
1633 2716 1800 2752 fabricam

242 2773 275 2806 in
302 2772 385 2807 urbe
413 2773 574 2820 florui-sse
602 2785 708 2818 supra
733 2774 801 2809 iam
828 2773 1018 2824 adnotavi:
1045 2776 1086 2809 cf.
1115 2776 1206 2810 Plin.
1233 2787 1264 2809 n.
1292 2777 1324 2810 h.
1350 2776 1444 2812 VIII.
1475 2778 1558 2812 190:
1588 2777 1693 2820 „alba
1718 2778 1799 2812 lana

245 2832 535 2878 Circumpadanis
562 2834 662 2869 nulla
687 2834 883 2878 praefertur
909 2846 970 2869 nec
999 2834 1087 2870 libra
1108 2838 1274 2871 centenos
1294 2847 1456 2871 nummos
1484 2837 1527 2871 ad
1553 2837 1616 2872 hoc
1641 2839 1717 2873 aevi
1745 2850 1800 2873 ex-

242 2892 350 2927 cessit
386 2893 490 2928 ulla.“
543 2895 581 2928 In
617 2895 738 2930 harum
767 2906 878 2930 rerum
913 2898 949 2930 et
977 2894 1196 2930 abundantia
1222 2899 1258 2931 et
1282 2897 1503 2940 praestantia
1529 2897 1688 2932 vestiarii
1714 2909 1799 2943 quo-

246 2963 316 2995 que
342 2955 572 2988 mercaturam
602 2954 764 2990 vident-ur
784 2955 908 2990 secisse
934 2955 1025 2990 haud
1048 2955 1256 3001 ignobilem:
1278 2956 1375 2991 velut
1395 2955 1448 2991 Ti.
1468 2957 1643 2998 Veturius,
1672 2958 1800 2992 vestia-

242 3014 314 3047 rius
340 3013 546 3055 tenffiarius,
561 3013 631 3049 dec.
647 3014 778 3050 ordinis
804 3014 945 3050 decreto
963 3016 1009 3049 x‘l
1033 3016 1084 3050 vir
1106 3015 1306 3060 appella-tur
1330 3016 1446 3061 (Arch.
1463 3017 1575 3053 trient.
1593 3016 1691 3058 XIII.
1711 3018 1798 3053 181).
