2034 3382
957 170 1242 210 -34-

461 282 549 324 Res
594 286 690 336 post
722 282 1051 324 Constantinum
1096 297 1296 337 magnum
1337 288 1478 337 gestas
1512 284 1574 325 vel
1607 284 1744 326 obiter
1776 299 1873 326 con-

325 353 547 408 templanti
568 356 688 408 patet
708 367 862 407 parum
883 353 1059 396 idoneas
1081 354 1211 396 fuisse
1233 355 1288 397 ad
1309 357 1608 398 commercium
1631 355 1872 411 augendum

325 428 456 481 atque
476 425 762 480 emporiorum
780 425 1072 468 celebritatem
1092 426 1451 481 amplificandam.
1500 428 1724 470 Continuis
1740 443 1873 483 prope

324 495 406 538 illis
451 495 596 549 bellis,
645 510 758 553 quae
803 511 887 539 non
928 497 1145 540 desierunt
1187 499 1410 553 imperium
1454 500 1697 543 Romanum
1745 504 1874 555 atque

325 566 473 610 orbem
517 571 733 610 terrarum
771 572 995 611 concutere
1034 569 1279 624 Aquileiam
1322 574 1490 613 constat
1536 572 1673 626 ipsam
1705 586 1873 627 quoque

325 640 493 696 saepius
534 639 900 683 vehementissime
947 656 1037 684 esse
1069 645 1276 685 vexatam.
1338 641 1503 685 Verum
1547 647 1610 685 est
1640 644 1750 686 inter
1780 644 1874 686 illas

326 716 602 767 tempestates
634 713 772 756 altera
807 728 857 756 ex
889 718 1011 768 parte
1031 713 1273 757 Germanos
1306 715 1440 768 magis
1472 715 1692 769 magisque
1723 717 1874 759 Italiae

324 785 525 829 finitimos
556 786 695 841 {inque
735 784 822 827 dies
870 786 1030 827 maiore
1068 785 1332 827 humanitate
1369 785 1558 827 excultos
1593 787 1728 828 auctis
1764 788 1875 830 vitae

326 873 406 900 usu
443 862 572 913 atque
616 857 939 900 necessitatibus
981 859 1279 900 commercium
1324 858 1442 900 urbis
1484 859 1605 913 quasi
1646 858 1873 911 adiuvisse3

326 931 400 973 sed
442 934 585 973 tamen
627 930 758 973 habet
799 945 849 973 ea
892 946 959 973 res
1002 931 1198 986 exiguam
1241 932 1481 986 argumenti
1523 932 1617 975 vim.
1676 931 1877 987 Namque

326 1004 567 1048 venditione
596 1003 816 1058 paululum
842 1003 1025 1046 fortasse
1057 1008 1185 1046 aucta
1209 1004 1475 1058 compensari
1500 1018 1717 1058 nunquam
1738 1005 1878 1059 potuit

327 1076 441 1128 illud,
475 1075 590 1130 quod
612 1076 752 1118 Dacia
783 1076 933 1118 relicta
955 1075 1273 1131 angustioribus
1295 1076 1503 1129 paulatim
1525 1074 1679 1117 finibus
1701 1080 1877 1131 coeptae

329 1153 428 1193 sunt
462 1149 657 1204 regiones
696 1148 993 1201 circumcludi,
1035 1147 1189 1203 quibus
1230 1147 1432 1202 Aquileia
1471 1149 1706 1202 emporium
1749 1152 1878 1203 atque

330 1223 453 1278 quasi
492 1225 622 1277 caput
653 1221 744 1264 fuit.
813 1221 1184 1276 Relinquebantur
1230 1220 1443 1271 barbaris,
1488 1234 1583 1262 cum
1628 1219 1878 1263 cadentibus

328 1296 493 1352 imperii
529 1295 656 1338 rebus
694 1295 910 1350 praesidia
950 1295 1053 1337 satis
1098 1294 1221 1335 firma
1261 1293 1465 1335 limitibus
1496 1294 1581 1335 iam
1608 1308 1692 1336 non
1724 1298 1876 1346 essent,

329 1368 466 1424 primo
501 1367 667 1418 modici,
700 1366 851 1409 deinde
883 1367 1057 1411 latiores
1089 1367 1182 1421 agri
1206 1365 1612 1420 florentissimaeque
1643 1366 1878 1421 provincia-
1922 1377 1926 1381 ’

330 1455 425 1482 rum
455 1438 725 1494 quarundam
752 1446 909 1494 partes.
971 1439 1196 1481 Mercaudi
1219 1442 1362 1481 autem
1385 1453 1435 1481 ea
1467 1443 1530 1481 est
1559 1439 1682 1488 ratio,
1716 1443 1764 1480 ut
1793 1453 1877 1493 quo

330 1512 557 1567 ampliores
596 1512 700 1554 fines
739 1516 936 1566 pateant,
987 1526 1035 1554 eo
1082 1511 1264 1566 amplius
1304 1511 1498 1553 videatur
1534 1511 1750 1566 negotium
1789 1525 1879 1554 esse

326 1585 612 1641 propositum,
650 1585 881 1627 contractis
913 1599 1009 1627 vero
1039 1584 1192 1626 finibus
1224 1585 1442 1639 negotium
1469 1588 1597 1638 atque
1639 1584 1745 1626 lucri
1776 1597 1871 1638 spes

331 1658 454 1702 simul
485 1657 778 1700 contrahatur.
1335 1645 1338 1647 ³

467 1730 720 1773 Accedebat
753 1729 809 1771 ad
844 1728 990 1770 finium
1032 1729 1253 1783 angustias
1293 1728 1430 1783 magis
1468 1727 1689 1782 magisque
1722 1740 1881 1768 merca-

330 1807 452 1846 turae
470 1802 617 1854 factas,
641 1801 755 1857 quod
775 1801 828 1843 ab
851 1801 988 1860 altera
1001 1801 1129 1843 etiam
1152 1803 1274 1854 parte
1290 1798 1679 1841 turbulentissimae
1701 1801 1881 1852 tempes-

332 1880 442 1920 tates
470 1875 700 1930 Aquileiae
740 1878 973 1928 coeperunt
1002 1873 1267 1928 perniciosae
1311 1886 1412 1914 esse.
1472 1870 1558 1912 Per
1585 1874 1723 1913 totum
1753 1871 1881 1925 impe-

332 1948 441 1989 rium
479 1949 648 1988 constat
685 1945 852 1988 saeculo
886 1960 925 2000 p.
966 1943 1067 1987 Chr.
1105 1959 1143 1988 n.
1185 1947 1338 1998 quarto
1373 1942 1672 1985 commercium
1713 1942 1880 1996 lapsum

334 2034 424 2062 esse
461 2018 517 2062 ad
563 2019 795 2065 interitum.
859 2017 921 2059 Ut
968 2021 1061 2059 erat
1107 2016 1380 2058 immodicum
1426 2015 1693 2069 maximeque
1739 2013 1881 2056 effusis

331 2091 577 2134 libidinibus
607 2091 802 2133 adiutum
840 2090 966 2132 certis
1000 2089 1180 2143 denique
1212 2087 1467 2143 quibusdam
1496 2086 1632 2129 modis
1659 2085 1880 2128 coerceba-

333 2169 404 2206 tur
433 2168 475 2207 et
506 2163 854 2218 compellebatur,
887 2177 982 2204 cum
1014 2176 1090 2217 per
1122 2165 1257 2203 totam
1288 2160 1462 2202 Italiam
1494 2163 1623 2214 atque
1644 2159 1880 2214 provincias

333 2237 460 2279 rebus
499 2236 694 2278 secundis
730 2236 1002 2290 omniumque
1044 2234 1248 2276 felicitate
1294 2232 1538 2275 labentibus
1570 2230 1761 2273 luxuriae
1797 2231 1880 2272 iam

335 2324 419 2352 non
441 2309 558 2352 locus
581 2312 702 2352 esset.
763 2308 920 2362 Itaque
941 2322 1024 2362 quo
1049 2307 1184 2361 magis
1201 2305 1353 2357 Roma,
1383 2305 1518 2347 omnis
1539 2303 1730 2346 luxuriae
1760 2304 1882 2357 quasi

336 2385 465 2438 caput
493 2385 622 2436 atque
646 2381 776 2435 origo,
805 2394 1009 2435 praeceps
1039 2380 1176 2434 coepit
1206 2392 1339 2429 ruere,
1372 2391 1420 2419 eo
1441 2376 1681 2431 languidius
1714 2390 1885 2418 necesse·

336 2455 416 2498 fuit
451 2454 571 2496 fieret
615 2453 932 2503 commercium,
979 2452 1092 2507 quod
1125 2455 1253 2493 antea
1288 2451 1386 2492 illuc
1426 2462 1548 2492 omne
1586 2448 1897 2504 convergebat-.-

335 2528 478 2583 Ipsius
515 2526 742 2581 Aquileiae
789 2525 1088 2567 commercium
1138 2523 1285 2565 dubito
1337 2521 1552 2577 equidem,
1598 2535 1698 2562 num
1745 2534 1882 2575 aeque

338 2606 467 2655 atque
494 2604 637 2642 cetera
654 2599 843 2653 emporia
864 2598 1028 2639 Romae
1058 2597 1241 2651 plurima
1273 2596 1532 2637 incrementa
1563 2592 1775 2644 debuerit3
1807 2592 1882 2635 sed

337 2678 479 2716 tamen
497 2687 573 2727 per
592 2675 729 2713 totum
744 2671 968 2725 imperium
988 2669 1128 2711 studio
1154 2672 1357 2722 quaestus
1372 2664 1672 2719 mercandique
1695 2664 1882 2707 sollertia

339 2745 583 2800 deperditis.
614 2758 768 2798 parum
801 2742 1001 2785 credibile
1035 2747 1116 2785 est.
1160 2744 1416 2782 mercatores
1446 2737 1741 2792 Aquileienses
1771 2751 1881 2780 com-

340 2832 509 2860 munem
527 2817 951 2872 negotiiplanguorem
971 2830 1055 2857 non
1073 2814 1246 2856 subisse.
1265 2838 1315 2843 —
1334 2810 1557 2854 Continuis
1573 2809 1692 2852 bellis
1722 2809 1880 2852 factum

340 2904 510 2946 quoque
524 2889 689 2932 videtur
712 2903 814 2941 esse,
845 2893 893 2930 ut
909 2888 988 2929 illis
1018 2885 1279 2941 temporibus
1298 2898 1452 2939 operae
1473 2883 1709 2937 coepissent
1725 2882 1882 2933 deesse,
