2034 3382
985 264 1265 307 ...32-

353 378 475 433 copia
497 393 581 420 non
609 383 819 433 suppetat,
850 378 964 420 haud
983 383 1141 420 temere
1157 380 1355 433 colligere
1385 381 1483 422 licet
1515 396 1565 421 ex
1589 395 1753 422 summa
1777 381 1902 423 Asia-

352 466 502 493 norum
534 450 796 505 frequentia,
828 465 957 505 quam
987 451 1222 493 Ravennae
1250 451 1320 506 (cf.
1348 453 1491 506 Apoll.
1524 452 1612 495 Sid.
1646 453 1679 504 Ι,
1713 453 1756 508 8)
1791 451 1902 494 Con-

351 524 520 566 cordiae
542 524 719 578 aliisque
750 525 791 565 in
816 524 1014 578 emporiis
1039 527 1221 578 apparet
1246 523 1426 579 fuisse1).

488 596 663 639 Summa
692 596 849 650 ingenii
880 610 1129 649 morumque
1152 595 1387 647 diversitas.
1416 611 1542 650 quam
1568 596 1724 640 Graeci
1747 596 1901 638 Asiani

351 668 491 710 Italici
523 668 752 719 habebant,
778 668 998 722 Aquileiae
1033 682 1202 722 quoque
1236 668 1583 722 aequabilitatem
1611 668 1827 723 quandam
1859 673 1901 710 et

349 741 452 781 iuris
485 745 524 781 et
565 755 730 782 morum
763 739 930 781 videtur
975 741 1179 793 genuisse.
1259 740 1429 781 Etenim
1478 755 1571 781 cum
1617 742 1658 782 in
1705 740 1899 782 omnibus

350 813 437 854 fere
491 813 779 854 Romanorum
843 812 1079 865 municipiis
1126 818 1216 852 tum
1268 813 1533 865 potissimum
1586 813 1627 853 in
1678 814 1739 863 iis,
1788 826 1897 867 quae

348 890 592 927 mercatura
647 884 872 936 florerent,
927 888 1094 925 constat
1154 884 1395 926 huiusmodi
1454 884 1596 926 studia
1655 899 1705 926 ac
1755 885 1897 927 volun-.

348 964 458 1001 tates
505 959 632 1000 cerni.
692 957 919 1012 Aquileiae
958 961 1101 998 autem
1148 957 1240 997 iura
1286 971 1387 1011 opes
1428 961 1768 1012 potestatemque
1812 958 1896 999 iam

347 1046 431 1073 non
463 1031 608 1072 fuisse
655 1030 819 1072 illibata
869 1044 998 1084 penes
1041 1029 1202 1071 nobiles
1247 1034 1394 1084 gentes
1450 1030 1756 1085 dignitatisque
1801 1044 1898 1085 gra-

348 1104 426 1145 dus
458 1105 491 1145 si
532 1118 616 1145 non
653 1103 842 1145 sublatos
883 1107 929 1143 at
967 1107 1080 1143 certe
1118 1103 1243 1156 plane
1287 1103 1501 1157 neglectos
1551 1103 1678 1145 fuisse
1723 1107 1897 1157 praeter

347 1177 452 1218 alias
483 1191 550 1218 res
586 1176 777 1218 declarat
810 1175 985 1216 eximius
1022 1176 1100 1216 iste
1133 1175 1356 1229 dignitatis
1388 1176 1534 1228 locus,
1577 1190 1701 1230 quem
1738 1175 1897 1218 liberti-

346 1263 422 1291 nos
452 1253 633 1303 apparet
663 1248 896 1303 tenuisse2).
958 1247 1111 1301 Neque
1144 1247 1281 1288 minus
1313 1247 1500 1289 notabile
1530 1252 1603 1297 est,
1633 1248 1726 1289 loco
1749 1253 1896 1303 aperte

346 1374 521 1417 permittit
559 1372 651 1407 haud
691 1371 991 1414 contemnendam.
1053 1371 1130 1414 Syri
1171 1368 1362 1414 Aquileiae
1409 1370 1613 1406 habitantes
1659 1374 1896 1406 memorantur

345 1434 467 1475 CILV,
498 1434 592 1467 1633.
622 1433 708 1467 1679
733 1453 776 1457 »—
799 1432 863 1466 785
890 1434 1105 1466 memoratur
1130 1430 1322 1465 Cassianus
1356 1430 1509 1474 quidam,
1546 1442 1585 1465 ex
1619 1431 1739 1475 Cyrro,
1775 1430 1894 1475 Syriae

344 1494 484 1540 oppido,
510 1494 569 1538 qui
595 1493 735 1528 decurio
764 1493 854 1526 lriae
880 1493 958 1526 fuit.
986 1493 1030 1527 cf.
1051 1492 1156 1526 etiam
1186 1490 1306 1532 ClLV,
1339 1490 1416 1524 898.
1451 1491 1546 1524 1032,
1582 1512 1618 1515 —
1647 1491 1674 1524 E
1700 1493 1804 1536 gente
1833 1491 1895 1524 Er·

343 1555 457 1596 boma,
482 1565 571 1598 quae
595 1554 679 1587 Iulii
706 1553 810 1587 Carni
836 1553 867 1587 ci
892 1553 1033 1596 saepius
1060 1552 1223 1591 occurrit,
1245 1551 1320 1585 Sex.
1342 1550 1515 1585 Erbonius
1544 1552 1613 1585 fuit
1637 1551 1762 1590 (Arch.
1779 1551 1893 1586 triest.

344 1614 405 1657 XI,
442 1614 532 1659 283),
571 1614 631 1657 qui
670 1613 743 1657 ipse
781 1623 816 1647 se
855 1615 959 1647 vocat
997 1612 1137 1646 Surum.
1173 1632 1213 1635 —
1241 1611 1475 1655 Gregoruttio
1512 1614 1604 1646 teste
1646 1612 1774 1656 reperti
1809 1616 1894 1646 sunt

343 1674 496 1710 hebraici
523 1684 662 1719 quoque
689 1674 888 1717 complures
920 1673 1032 1714 tituli,
1059 1683 1147 1716 quos
1174 1671 1338 1716 equidem
1366 1682 1433 1705 non
1462 1671 1533 1706 vidi
1559 1672 1632 1706 ullo
1658 1673 1734 1707 loeo
1761 1672 1892 1717 publici

342 1736 428 1769 iuris
455 1736 568 1769 factos
608 1746 693 1770 esse.
730 1755 759 1758 e
793 1733 956 1767 Judaeus
982 1736 1102 1776 aperte
1131 1733 1335 1767 nominatur
1366 1733 1399 1765 in
1430 1725 1539 1766 titulo
1564 1732 1658 1777 apud
1683 1733 1891 1768 Maionicam

342 1797 474 1841 (Epigr.
490 1796 807 1840 p.21)descripto:
833 1795 870 1828 L.
893 1794 1043 1828 Aiaeius
1059 1796 1172 1829 Dama
1196 1794 1234 1828 L.
1261 1797 1296 1827 et
1325 1794 1360 1827 P.
1388 1793 1536 1828 libertus
1562 1793 1719 1828 ‚Iudaeus
1745 1794 1891 1838 portorii

342 1857 539 1900 v(ilieus‘?).
588 1858 675 1892 Cum
714 1856 844 1890 titulus
883 1855 942 1889 ille
981 1855 1113 1889 aetatis
1140 1855 1188 1888 sit
1215 1854 1430 1898 reipublicae
1455 1854 1594 1895 liberae,
1639 1854 1891 1898 Gregoruttius

342 1918 433 1952 haud
460 1919 576 1962 inepte
602 1918 749 1961 conicit,
776 1916 950 1950 Judaeum
988 1915 1087 1949 illum
1115 1916 1182 1949 iam
1216 1926 1273 1958 per
1288 1915 1445 1958 Pompeii
1472 1915 1728 1958 expeditionem
1745 1915 1889 1950 Romam

340 1978 609 2022 Armileiamque
634 1977 841 2022 pervenisse.

479 2038 506 2079 ¹)
534 2037 692 2070 Eximius
733 2035 829 2070 urbis
853 2035 1143 2079 opulentissimae
1171 2035 1335 2079 splendor
1362 2035 1527 2069 barbaros
1553 2035 1660 2069 etiam
1686 2033 1780 2069 haud
1813 2045 1889 2069 raro

338 2098 380 2132 ad
395 2096 645 2132 considendum
663 2095 804 2130 videtur
829 2095 1004 2129 allexisse.
1056 2095 1120 2129 Cui
1139 2095 1293 2139 opinioni
1311 2094 1431 2139 aliqua
1455 2094 1541 2129 fides
1565 2094 1701 2129 accedit
1715 2105 1754 2129 ex
1779 2095 1888 2129 nomi-

338 2158 441 2192 nibus
467 2156 692 2202 quibusdum,
718 2157 817 2190 velut
844 2156 945 2190 Freia
970 2155 1304 2190 'rai-aeobriscinius.
1354 2155 1529 2190 Maioniea
1556 2155 1672 2200 Epigr.
1700 2167 1733 2200 p.
1759 2155 1780 2189 8
1806 2166 1884 2190 con-

339 2219 406 2252 fert
441 2229 519 2252 eum
559 2218 632 2252 his:
672 2216 902 2250 Orobromara
941 2216 1031 2260 (CIL
1074 2215 1150 2256 ΙΙΙ,
1188 2216 1291 2251 3598)
1334 2219 1369 2250 et
1415 2215 1620 2250 Freioverus
1664 2215 1885 2259 (Wilmanns,

336 2279 503 2324 Exempla
532 2281 644 2317 15:32).
698 2278 840 2312 Vitiosa
864 2275 1115 2311 vocabulorum
1146 2276 1364 2320 quorundam
1390 2277 1566 2319 scriptura
1594 2276 1696 2311 facile
1724 2276 1881 2311 offendit.

338 2337 491 2372 Nomina
524 2339 586 2372 illa
620 2339 678 2382 qui
711 2336 887 2371 habebant
913 2335 1006 2370 haud
1034 2337 1106 2369 seio
1131 2346 1173 2369 an
1202 2336 1411 2370 Germanica
1437 2336 1546 2379 stirpe
1573 2336 1712 2370 fuerint.
1763 2335 1829 2370 Sed
1856 2337 1885 2369 si

337 2398 416 2441 quis
442 2397 582 2432 Noricis
610 2397 665 2431 vel
693 2396 905 2431 Pannonicis
933 2406 991 2429 eos
1015 2395 1203 2437 attribuat,
1230 2395 1387 2430 defendit
1409 2396 1452 2438 is,
1478 2405 1519 2429 ne
1539 2394 1792 2439 posterioribus
1809 2396 1886 2439 qui-

336 2459 414 2492 dem
453 2457 669 2502 temporibus
713 2456 879 2499 indigena
917 2454 1088 2489 idiomata
1125 2456 1228 2499 plane
1264 2456 1438 2489 interisse.
1498 2456 1540 2489 cf.
1577 2455 1746 2499 Jungium
1787 2455 1890 2494 Rom.

338 2517 510 2554 Landsch.
536 2518 602 2551 499
628 2517 706 2551 adn.
734 2518 764 2549 εἰ.

474 2581 502 2619 ··’)
528 2577 628 2618 Quod
654 2588 693 2611 eo
719 2577 832 2620 magis
859 2574 997 2608 videtur
1024 2575 1200 2608 mentione
1228 2574 1372 2618 dignum
1403 2584 1489 2615 esse,
1517 2574 1680 2617 quoniam
1697 2574 1885 2618 Aquileiae

337 2638 495 2673 videmus
520 2637 714 2682 permultos
742 2648 758 2671 e
791 2635 1022 2669 nobilissimis
1055 2633 1223 2678 gentibus
1258 2634 1423 2668 Romanis
1458 2637 1561 2667 natos
1601 2633 1792 2669 habitasse.
1841 2634 1884 2668 cf.

336 2702 472 2743 praeter
515 2698 657 2733 Ozoern.
693 2709 724 2741 p.
754 2697 826 2737 1:32,
862 2696 882 2727 53
915 2695 1075 2740 inprimis
1119 2694 1255 2729 Indices
1292 2694 1335 2728 ad
1373 2693 1447 2727 ΟΠ,
1478 2693 1572 2734 Vget
1605 2694 1883 2739 Gregoruttium.

335 2760 519 2800 Maionica,
543 2758 659 2803 Epigr.
680 2769 711 2802 p.
729 2757 769 2790 13
795 2768 845 2800 sq.
874 2777 915 2781 ——
941 2756 1062 2790 Liceat
1082 2755 1207 2789 addere
1230 2754 1307 2795 huc,
1333 2753 1425 2798 quod
1447 2753 1532 2788 mihi
1561 2753 1703 2798 quidem
1727 2753 1884 2789 notabile

337 2818 484 2862 ridetur,
519 2818 678 2861 inprimis
706 2819 846 2862 gentem
873 2816 1074 2851 Petroniam
1101 2826 1228 2860 magno
1263 2824 1405 2848 numero
1433 2825 1450 2848 e
1477 2813 1587 2848 Roma
1614 2814 1884 2859 transmigrasse

338 2878 543 2923 Aquileiam
581 2878 636 2922 (cf.
663 2877 800 2912 Indices
827 2877 1031 2915 nominum).
1081 2876 1176 2917 Quae
1206 2885 1292 2920 gens
1321 2874 1413 2909 haud
1440 2873 1584 2909 dubium
1613 2877 1668 2910 est
1704 2875 1788 2919 quin
1823 2885 1883 2909 an-

335 2939 488 2982 tiquitus
521 2937 780 2971 studiosissime
806 2938 1037 2971 mercaturam
1073 2935 1180 2970 solita
1205 2936 1254 2969 sit
1291 2935 1412 2970 facere.
1460 2934 1621 2979 Namque
1659 2933 1812 2969 habebat
1848 2935 1882 2968 in

336 2999 486 3032 nummis
511 2999 585 3033 suis
611 2998 803 3039 Feroniam,
829 2997 928 3031 deam
955 2996 1161 3030 commercio
1189 2995 1336 3029 maxime
1362 2994 1548 3035 faventem,
1574 2994 1666 3038 apud
1694 2995 1795 3029 cuius
1823 2993 1882 3028 de-
