2034 3382
855 266 1141 307 —29-

222 381 416 432 tempora
438 382 605 419 constat
625 377 874 429 fl01·uisse,¹)
898 383 939 419 et
964 379 1225 433 amplissima
1255 378 1374 431 copia
1401 376 1772 418 celeberrimarum

222 449 404 502 urbium,
438 464 618 504 quarum
655 454 696 491 et
727 450 967 504 frequentia
999 456 1041 492 et
1072 465 1173 505 opes
1204 449 1472 491 incredibiles
1516 448 1601 490 fere
1640 455 1773 495 erant,

221 521 327 563 haec
348 522 490 581 omnia
506 522 681 575 intelligi
705 526 846 575 potest
868 523 1094 564 contulisse
1117 522 1172 564 ad
1195 521 1438 575 augendum
1461 521 1773 566 commercium,

221 593 335 648 quod
362 594 694 647 septentrionem
712 608 855 636 versus
885 599 1057 649 praeter
1080 594 1317 648 emporium
1338 592 1655 634 Mediolanense
1687 592 1774 633 sola

221 665 309 706 fere
352 664 553 719 Aquileia
596 666 756 710 habuit.
830 667 897 708 Ex
944 666 1082 707 media
1122 667 1252 707 etiam
1284 665 1413 706 Italia
1451 669 1579 718 atquc
1620 678 1776 718 magna

221 737 408 780 Graecia
439 753 600 780 merces
639 739 840 781 advectas
878 753 967 780 esse
1003 738 1382 792 „Campanamque
1416 737 1772 792 suppellectilem‘··

220 814 465 863 penetrasse
512 811 567 852 ad
610 811 801 865 illyricos
852 811 928 852 etsi
973 825 1056 852 non
1103 810 1312 865 probatur
1351 811 1476 851 certis
1514 809 1776 858 testimoniis,

220 881 351 924 habet
380 887 523 924 tamen
555 888 714 924 certam
737 882 1053 937 probabilitatis
1085 883 1281 938 speciem.
1336 884 1543 936 Quaeres
1566 897 1615 923 eo
1638 882 1776 923 minus

221 953 558 996 dubitationibus
592 955 760 996 videtur
789 954 971 997 obnoxia
1003 970 1106 1008 esse,
1141 956 1343 1009 quoniam
1375 955 1614 1009 accepimus
1649 955 1774 996 etiam

221 1026 350 1069 fuisse
374 1027 602 1081 Aquileiae
633 1027 727 1069 urbi
761 1029 1060 1069 commercium
1092 1043 1186 1070 cum
1217 1028 1349 1082 ipsius
1377 1027 1511 1069 Asiae
1543 1033 1584 1069 et
1601 1027 1776 1069 Africae

224 1099 391 1154 oppidis
425 1101 709 1155 emporiisque
740 1100 1042 1142 celeberrimis.
1104 1100 1276 1142 Etenim
1308 1101 1537 1141 memoriae
1569 1099 1776 1154 proditur,

222 1178 411 1215 versatos
455 1187 545 1215 esse
577 1172 635 1214 ibi
681 1176 961 1223 mercatores,
993 1177 1040 1214 ut
1087 1172 1314 1215 orientales
1356 1165 1518 1214 merces
1561 1176 1777 1214 mutarent

221 1245 346 1287 rebus
375 1260 425 1287 ex
451 1245 737 1299 septentrione
759 1244 1005 1299 Aquileiam
1031 1244 1322 1299 depo1·tatis.·2)
1384 1243 1612 1299 Cyrenaici
1636 1248 1777 1285 autem

222 1318 509 1372 negotiatores
539 1317 676 1359 oleum
699 1331 749 1357 ac
779 1317 932 1365 vinum,
966 1331 1126 1358 merces
1151 1316 1329 1358 Africae
1353 1315 1654 1368 nobilissimas,
1680 1316 1777 1356 illuc

222 1389 487 1432 devehebant
517 1403 567 1431 ac
598 1389 883 1443 permutando
922 1388 1139 1442 emebant,
1182 1389 1336 1443 quibus
1376 1388 1502 1430 rebus
1546 1403 1673 1429 naves
1716 1402 1778 1429 re-

222 1462 399 1504 deuntes
432 1462 714 1517 onerarentss)
785 1461 870 1504 Sed
912 1466 959 1503 ut
1001 1462 1079 1503 hoc
1124 1462 1424 1503 commercium
1465 1476 1560 1503 cum
1593 1461 1701 1502 Asia
1738 1466 1777 1501 et

222 1535 395 1576 orientis
426 1535 551 1577 terris
582 1534 742 1576 factum
775 1549 997 1576 commune
1028 1549 1178 1576 revera
1217 1534 1296 1575 fuit
1336 1534 1549 1588 plerisque
1592 1539 1779 1575 veterum

222 1608 421 1662 emporiis
452 1607 702 1662 oppidisque
733 1607 1001 1661 aliquantum
1032 1608 1170 1659 claris,
1198 1607 1259 1648 ita
1291 1606 1424 1648 multo
1463 1607 1591 1648 etiam
1622 1620 1779 1648 memo-

221 1680 399 1722 rabilius
431 1680 599 1722 videtur
629 1680 883 1722 latissimum
914 1679 1018 1721 illud
1049 1679 1363 1732 commercium,
1396 1678 1510 1733 quod
1532 1679 1778 1733 Aquileiam

223 1757 405 1808 apparet
422 1752 620 1795 habuisse
645 1767 740 1794 cum
760 1752 1007 1807 regionibus
1024 1752 1293 1795 Danuvianis
1316 1756 1445 1806 atque
1463 1751 1781 1795 Germanorum

223 1826 345 1880 pagis
378 1826 682 1868 remotissimis.
736 1825 937 1879 Namque
961 1826 1039 1867 etsi
1063 1829 1231 1868 constat
1258 1839 1334 1879 per
1356 1825 1492 1879 prima
1514 1825 1779 1879 potissimum

225 1898 308 1940 duo
342 1899 505 1952 imperii
538 1898 708 1940 saecula
737 1898 958 1939 Romanos
992 1898 1033 1939 id
1069 1898 1252 1939 maxime
1295 1911 1469 1952 operam
1507 1897 1692 1949 dedisse,
1734 1901 1779 1938 ut

223 1969 431 2013 barbaros
463 1970 517 2012 ab
544 1971 710 2024 imperii
733 1970 938 2011 limitibus
973 1974 1170 2011 arcerent
1192 1970 1577 2024 commerciumque
1608 1984 1702 2011 cum
1732 1969 1780 2009 iis

222 2044 264 2084 in
288 2048 516 2098 angustum
531 2044 564 2098 ⁴)
589 2043 905 2093 concluderent,
929 2036 1072 2084 tamen
1099 2043 1322 2084 verisimile
1346 2047 1419 2092 est,
1444 2043 1591 2084 eadem
1614 2043 1779 2093 itinera,

223 2116 376 2170 quibus
414 2117 605 2158 sucinum
629 2116 858 2158 transitum
881 2114 1081 2166 habebat,
1113 2115 1208 2156 aliis
1229 2129 1398 2170 quoque
1425 2115 1624 2157 oneribus
1645 2116 1782 2169 magis

223 2189 446 2243 magisque
496 2188 696 2242 patuisse.
779 2188 934 2242 Itaque
979 2202 1074 2229 cum
1120 2187 1397 2229 celeberrima
1449 2187 1521 2229 illa
1567 2188 1653 2239 via,
1699 2201 1783 2241 qua

364 2328 387 2371 ¹)
414 2327 528 2361 Strab.
549 2328 585 2362 V,
619 2328 646 2368 1,
676 2328 724 2360 12.
776 2326 866 2360 Plin.
894 2337 925 2359 ιι.
953 2325 984 2359 li.
1005 2325 1083 2367 VH,
1115 2326 1186 2360 lii-l.
1238 2326 1409 2360 Nissenus
1430 2326 1464 2358 in
1495 2325 1614 2368 >fix-beli
1638 2325 1779 2368 Epliem.

224 2387 306 2421 hist.
335 2387 419 2421 XIX
448 2399 478 2431 p.
508 2388 586 2421 250).
635 2386 740 2428 Jung.
772 2381 877 2421 Rom.>
898 2386 1070 2421 Landsch.
1098 2398 1129 2430 p.
1157 2387 1233 2419 50⁴».

363 2448 389 2491 2’)
415 2448 554 2482 Hieron.
592 2459 620 2481 c.
651 2446 778 2480 Rufino
813 2446 879 2487 Ill,
921 2448 978 2482 10:
1026 2450 1065 2480 ut
1105 2447 1308 2491 negotiator
1346 2446 1569 2480 orientalium
1604 2447 1780 2487 mercium,

225 2509 285 2552 qui
320 2510 356 2542 et
390 2508 472 2542 hinc
504 2508 692 2551 ‹lep‹·›1·tata
727 2506 872 2542 vendere
908 2517 1052 2542 necesse
1090 2506 1244 2541 habebat
1276 2510 1311 2540 et
1349 2506 1396 2539 ibi
1433 2517 1556 2549 emere,
1594 2517 1682 2550 quae
1714 2506 1781 2542 huc

225 2579 345 2602 rursus
369 2567 568 2610 adveheret,
590 2566 735 2601 biduum
762 2569 903 2601 tantuin
932 2567 1103 2611 Aquileia
1129 2567 1237 2601 fuerit
1253 2569 1270 2600 ἓν
1291 2586 1334 2591 —-
1358 2567 1410 2601 De
1437 2567 1582 2601 orientis
1608 2566 1780 2601 mercibus

226 2637 285 2670 pei·
310 2627 521 2669 Danuvium,
548 2627 703 2661 Dravum
731 2628 798 2660 cet.
847 2625 1049 2670 adportatis
1077 2637 1184 2670 supra
1211 2627 1280 2661 iam
1309 2626 1468 2660 disserui.

365 2687 392 2729 ³)
416 2687 523 2732 Digg.
551 2687 647 2728 XIX,
682 2688 713 2727 2,
747 2688 812 2722 ol:
839 2686 974 2721 Navem
1013 2686 1182 2720 conduxit
1224 2690 1262 2720 ut
1303 2686 1344 2720 tle
1383 2687 1562 2729 provincia
1592 2686 1780 2730 Cyrenensi

227 2746 433 2792 Aquileiam
471 2748 656 2792 navigaret
693 2747 761 2781 olei
796 2747 956 2781 metretis
992 2747 1107 2781 tribus
1146 2747 1292 2780 milibus·
1325 2747 1501 2791 impositis
1537 2750 1573 2781 et
1614 2747 1781 2782 frumenti

226 2807 352 2842 modiis
389 2809 467 2842 octo
501 2807 645 2841 milibus
683 2810 780 2842 certa
817 2806 984 2842 mercede.
1035 2806 1367 2851 Splendidissimam
1407 2808 1536 2842 famam
1574 2806 1781 2851 Aquileiam

227 2870 262 2903 in
288 2867 414 2903 Africa
436 2867 602 2902 habuisse
634 2866 737 2902 docet
762 2867 893 2902 titulus
918 2878 1058 2912 quoque
1085 2867 1227 2902 Restuti
1258 2867 1334 2902 CIL
1368 2868 1410 2909 V,
1444 2868 1553 2902 1703:
1589 2868 1656 2902 Hic
1691 2868 1781 2902 iacet

228 2929 397 2964 Restulus
421 2928 561 2973 peleger
585 2929 619 2962 in
645 2939 730 2972 pace
755 2928 867 2963 tidelis
892 2928 943 2962 Ex
962 2927 1092 2963 Africa
1116 2929 1212 2963 venit
1238 2930 1277 2962 ut
1295 2928 1402 2963 istam
1419 2928 1537 2964 urbem
1555 2928 1689 2962 videret
1714 2931 1780 2963 cet.

366 2990 391 3031 ⁴)
420 2988 527 3022 Plura
551 2988 591 3022 de
618 2989 679 3023 liae
708 3001 741 3023 re
769 2989 917 3032 collegit
944 2987 1194 3032 Marquardtus
1225 2990 1276 3023 st.
1307 2989 1350 3023 V.
1379 2989 1404 3028 l,
1431 2989 1496 3022 562
1521 3001 1595 3032 sqq.

1621 3131 1765 3304 ,Χ
