2034 3382
920 281 1206 321 —22-

291 380 471 422 busdam
514 380 616 421 locis
661 381 771 421 inter
811 380 1142 434 septentrionem
1187 383 1225 420 et
1259 379 1461 420 orientem
1495 379 1585 419 sitis
1626 391 1841 419 marmora

291 452 436 502 fuisse,
478 466 656 506 quorum
687 451 1039 506 procuratoribus
1073 452 1225 492 iterum
1265 465 1315 491 ac
1346 451 1514 504 saepius
1542 449 1737 491 videntur
1767 450 1842 490 im-

289 527 510 581 peratores
541 528 791 566 ornamenta
821 523 917 565 urbi
947 523 1160 565 destinata
1192 522 1444 564 fabricanda
1476 521 1730 576 detulisse.¹)

429 594 677 650 Sequuntur
707 595 790 636 iam
818 596 929 636 inter
962 610 1029 636 res
1060 595 1288 649 praecipue
1322 609 1372 636 ex
1404 593 1586 648 Illyricis
1616 593 1842 648 provinciis

290 666 334 706 in
368 667 537 708 Italiam
569 666 768 708 advectas
800 667 1076 721 copiosissimi
1105 681 1307 721 agrorum
1339 665 1515 718 fructus,
1547 666 1730 707 maxime
1758 664 1843 706 fru-

292 742 503 790 mentum,
541 739 658 780 cuius
689 739 750 780 rei
790 739 956 793 largam
991 739 1156 793 copiam
1188 739 1505 792 maximamque
1537 737 1843 780 abundantiam

294 814 463 853 constat
493 811 801 865 posterioribus
833 810 1097 867 temporibus
1128 812 1170 852 in
1194 811 1419 852 Pannonia
1450 810 1591 852 fuisse.
1652 810 1767 852 Nam
1797 814 1845 852 ut

295 884 347 926 ob
379 887 646 925 montuosam
669 887 809 925 terrae
840 887 1042 925 naturam
1061 882 1105 924 N
1108 883 1307 939 oricum2)
1340 897 1423 924 non
1455 882 1535 924 fuit
1563 882 1762 924 idoneum
1790 882 1845 924 ad

294 956 437 1011 fruges
470 956 707 998 efferendas
747 957 925 1010 agrique
955 955 1164 997 culturam
1194 955 1381 998 habebat
1412 969 1563 1010 parum
1595 954 1845 1010 profectam,

298 1030 359 1071 ita
389 1030 431 1071 in
463 1029 725 1084 amplissima
748 1029 1094 1070 Pannonicorum
1127 1042 1376 1083 camporum
1408 1028 1584 1083 planitie
1613 1028 1748 1070 caesis
1779 1028 1846 1070 sil-

298 1101 358 1142 vis
380 1100 694 1156 paludibusque
718 1100 1063 1143 exarescentibus
1091 1115 1158 1142 res
1190 1100 1495 1142 frumentariae
1528 1100 1664 1155 magis
1694 1100 1848 1155 magis-

295 1187 377 1226 que
415 1172 697 1227 augebantur.
759 1173 914 1228 Itaque
956 1188 1039 1227 quo
1077 1173 1213 1227 magis
1248 1187 1417 1214 annona
1455 1172 1571 1214 urbis
1604 1172 1846 1227 Italiaeque

300 1244 453 1299 egebat
483 1246 796 1299 negotiatorum
831 1260 933 1287 cura
965 1250 1006 1287 et
1036 1246 1270 1287 invectione
1302 1259 1353 1286 ex
1381 1245 1607 1299 provinciis
1637 1244 1766 1298 facta,
1799 1259 1848 1286 eo

300 1317 435 1371 magis
476 1316 687 1360 vendibile
719 1322 1050 1360 consentaneum
1089 1321 1152 1359 est
1185 1317 1446 1359 frumentum
1480 1316 1741 1358 Pannonicis
1779 1331 1848 1358 ex-

301 1388 509 1444 stitisse.3)
573 1388 670 1444 Qua
705 1390 746 1431 in
789 1404 834 1431 re
876 1390 1088 1431 mentione
1127 1389 1299 1444 dignum
1329 1389 1497 1431 videtur
1536 1404 1626 1431 esse
1662 1388 1848 1443 reliquas

296 1474 463 1515 quoque
493 1462 686 1516 regiones
717 1461 997 1504 Danuvianas
1034 1467 1163 1516 atque
1202 1463 1330 1503 etiam
1362 1461 1566 1503 Ponticas
1597 1460 1712 1502 haud
1746 1475 1848 1502 raro

296 1533 505 1574 adiuvisse
538 1537 579 1575 et
607 1534 835 1588 Aquileiae
865 1535 1162 1575 commercium
1199 1538 1241 1575 et
1269 1532 1386 1574 urbis
1418 1546 1643 1576 annonam.
1704 1531 1848 1581 Velut,

295 1610 343 1647 ut
371 1620 500 1647 unum
534 1605 723 1659 afferam,
758 1621 779 1648 e
809 1606 974 1648 Moesia
1004 1606 1069 1648 Ti.
1102 1606 1297 1648 Plautius
1330 1605 1539 1657 Silvanus,
1574 1605 1645 1659 qui
1676 1604 1850 1648 Nerone

300 1679 557 1733 imperatore
588 1679 719 1733 legati
748 1692 924 1721 munere
955 1679 1012 1720 ibi
1046 1679 1317 1733 fungebatur,
1350 1682 1516 1720 tantam
1535 1677 1735 1719 frumenti
1768 1677 1851 1718 vim

298 1750 480 1792 Romam
513 1751 732 1806 adportari
764 1752 904 1802 iussit,
943 1756 990 1793 ut
1031 1765 1185 1806 panem
1226 1750 1425 1792 redderet
1458 1750 1699 1805 vilioremfl)
1759 1748 1854 1791 Ad-

299 1822 483 1865 dendum
515 1823 596 1865 huc
629 1824 806 1868 videtur.
841 1825 1040 1878 quoniam
1073 1825 1115 1864 in
1139 1822 1390 1877 explicanda
1422 1837 1564 1864 rerum
1596 1822 1852 1864 rusticarum

301 1895 546 1937 condicione
580 1910 811 1954 versamur,
846 1901 887 1938 et
919 1897 1242 1938 Pannoniarum
1271 1900 1312 1937 et
1342 1894 1490 1936 Norici
1512 1894 1672 1937 incolas
1698 1895 1852 1936 aluisse

299 1968 641 2022 praeclarissima
665 1984 835 2023 pecora.
871 1984 981 2023 quae
1004 1970 1082 2011 etsi
1104 1968 1251 2010 humili
1270 1968 1408 2022 figura
1432 1967 1486 2009 ad
1509 1966 1677 2009 labores
1709 1971 1861 2009 tamen.

434 2094 459 2136 ¹)
487 2094 536 2129 De
563 2095 793 2129 marmoribus
820 2094 913 2139 apud
940 2095 1108 2133 Sirmium
1135 2096 1216 2129 sitis
1241 2095 1343 2139 plura
1370 2095 1511 2128 enarrat
1535 2092 1713 2137 Jungius:
1753 2093 1793 2127 R.
1813 2092 1851 2126 L.

295 2166 326 2198 p.
368 2155 446 2188 422.
516 2156 632 2190 Etiam
670 2157 704 2189 in
740 2156 850 2190 Dacia
885 2155 977 2189 haud
1012 2156 1130 2200 procul
1168 2167 1188 2190 a
1222 2156 1506 2199 Sarmizegetusa
1537 2163 1710 2188 marmora
1744 2153 1852 2188 fuisse

302 2219 528 2250 memoratur.
577 2216 826 2261 efidungium,
854 2217 877 2251 l.
901 2216 923 2250 l.
951 2216 1028 2250 adn.
1055 2218 1085 2249 2.
1817 2205 1823 2210 ⁸

435 2275 460 2320 ’ἢ
486 2277 602 2311 Norici
638 2277 670 2310 in
706 2278 828 2320 paucis
867 2276 1114 2311 tantummodo
1153 2275 1447 2320 vallibus‘paulo
1473 2275 1646 2320 depressis
1672 2273 1849 2308 habebant

296 2336 550 2381 agriculturam
588 2337 828 2381 fructuosam;
867 2337 927 2372 sed
967 2337 1125 2371 triticum
1160 2337 1301 2370 (minino
1342 2348 1408 2370 non
1446 2336 1586 2371 videtur
1621 2345 1696 2370 esse
1722 2336 1850 2369 satum.

296 2397 418 2432 Secale
452 2397 543 2430 illud
574 2408 593 2430 a
619 2397 735 2431 Plinio
763 2398 899 2433 XVIII.
931 2399 985 2432 141
1018 2400 1248 2432 memoratum
1275 2397 1384 2442 larga'
1401 2397 1501 2440 copia
1526 2395 1655 2436 floruit,
1685 2394 1746 2429 sed
1773 2394 1852 2437 „de-

296 2458 476 2492 terrimum
514 2458 584 2491 suit
621 2460 656 2491 et
690 2460 828 2492 tantum
865 2458 907 2492 ad
940 2458 1124 2492 arcendam
1162 2459 1286 2492 famem
1323 2462 1357 2492 ct
1396 2456 1675 2501 ingratissimum
1704 2455 1850 2490 ventri.“
1890 2478 1893 2480 -

298 2520 349 2553 De
378 2519 504 2553 secalis
532 2520 656 2552 natura
685 2522 719 2553 et
746 2529 881 2562 genere,
908 2518 999 2563 quod
1035 2518 1210 2553 diversum
1239 2519 1308 2552 fuit
1341 2530 1360 2552 a
1389 2519 1508 2551 nostro
1537 2516 1735 2560 „Roggen‚·‘
1774 2515 1852 2549 vide

297 2580 551 2614 adnotationes
581 2579 672 2623 apud
701 2579 871 2623 Jungium
898 2578 936 2611 R.
965 2579 1001 2613 L.
1031 2591 1060 2623 p.
1089 2580 1165 2620 420,
1193 2590 1222 2613 a.
1249 2581 1292 2616 ·.’.,
1324 2576 1606 2622 Marquardtum,
1636 2576 1727 2610 Priv.
1756 2575 1792 2609 L.
1819 2586 1852 2620 p.

297 2640 373 2681 ⁴114,
402 2639 447 2673 Α.
478 2640 510 2674 »1.
538 2640 588 2673 St..
620 2640 657 2673 v.
685 2639 818 2681 11‚-110
846 2637 889 2673 A.

435 2700 460 2745 ³)
487 2701 613 2744 Expos.
636 2702 700 2734 tot.
719 2700 839 2734 mundi
865 2711 896 2744 p.
927 2700 1008 2734 121:
1038 2701 1241 2735 Pannonica
1256 2700 1361 2744 regio,
1389 2702 1481 2733 terra
1503 2698 1598 2732 dives
1623 2698 1656 2732 in
1679 2696 1852 2741 omnibus,

300 2761 474 2796 fructibus
503 2772 641 2805 quoque
668 2764 703 2795 et
720 2761 889 2795 iumentis
911 2762 1113 2806 etnegotiis
1141 2764 1208 2796 cet.
1236 2781 1286 2792 —-.
1305 2759 1337 2793 S.
1361 2757 1524 2793 Ambros.
1552 2769 1629 2803 opp.
1658 2756 1691 2792 Il
1721 2769 1753 2802 p.
1774 2756 1852 2792 838:

299 2824 515 2857 frumentum
542 2821 752 2863 Pannoniae,
781 2822 872 2866 quod
900 2833 967 2856 non
994 2824 1169 2857 severant.
1198 2820 1438 2856 vendiderunt.
1466 2841 1477 2843 »-
1540 2819 1806 2863 inscriptionem
1834 2828 1855 2852 a

300 2883 485 2927 ezei-nigro
519 2895 551 2927 p.
594 2884 655 2915 155
689 2882 917 2918 adnotatam:
962 2882 1078 2924 ..Felix
1114 2880 1280 2927 Aquileia
1311 2881 1481 2914 Horreum
1516 2880 1662 2914 Romani
1690 2879 1852 2923 Imperii“

300 2944 375 2988 ipse
404 2954 580 2987 nusquam
610 2944 741 2986 repperi
768 2942 993 2986 descriptam.

438 3004 465 3047 ⁴)
494 3003 534 3037 cf.
563 3003 735 3037 Orellium
766 3015 800 3038 n.
825 3004 900 3036 7:2⁰.
