2034 3382
883 291 1166 332 -25-

244 408 468 451 arboribus
501 406 735 449 frondosis.
775 407 956 448 maxime
986 407 1130 455 ulmis,
1174 396 1322 459 1111111111
1362 405 1468 446 foliis
1508 404 1794 459 pascebantur

243 481 477 524 incolarum
506 493 682 534 peeora;
718 480 827 520 inter
850 478 1019 520 ordines
1052 483 1194 520 autem
1225 475 1427 519 arborum
1460 478 1647 518 consitae
1673 482 1794 518 erant

245 554 388 608 fruges
430 551 694 605 arboresque
735 551 852 605 ipsae
898 551 1107 605 pampinis
1148 551 1317 591 fuerunt
1359 550 1539 591 maritae
1585 549 1793 591 continuis

241 627 441 679 interque
482 638 571 665 sese
607 624 835 678 suspensis,
913 622 1009 684 Qua
1051 637 1095 663 re
1135 622 1294 663 factum
1334 625 1417 672 est,
1461 626 1505 662 ut
1545 625 1636 662 tota
1679 622 1794 675 regio

240 697 391 739 faciem
441 697 561 750 quasi
613 695 856 737 sollemnem
902 694 1118 743 indueret;
1163 693 1359 735 crederes
1406 708 1495 734 esse
1537 708 1629 734 eam
1671 693 1794 734 sertis

240 768 490 822 coronisque
524 767 841 822 diligentissime
877 766 1167 819 1·e<.li1nitam.¹)
1230 765 1490 815 Accedebat,
1524 765 1638 819 quod
1663 766 1793 819 pomi-

242 842 429 883 ferarum
470 855 639 894 quoque
681 839 882 881 arborum
922 839 1236 880 multitudinem
1277 843 1443 880 tantam
1483 838 1610 879 fuisse
1642 838 1793 879 eduea-

241 915 484 967 tionemque
513 917 601 955 tam
635 912 808 962 claram,
836 916 883 953 ut
918 916 1035 953 terra
1070 911 1282 953 videretur
1308 927 1398 953 esse
1430 912 1669 966 pomarium
1688 911 1792 953 ben<¹

241 986 492 1041 01·natum.2)
553 985 750 1038 Denique
783 985 823 1025 in
855 999 1019 1026 summa
1050 988 1190 1026 terrae
1218 983 1452 1026 Veneticae
1485 984 1702 1026 fertilitate
1735 985 1793 1025 iu-

241 1059 584 1112 cundissimaque
617 1057 860 1112 temperie-³)
889 1062 1220 1114 esnisentaneum
1246 1062 1309 1099 est·
1331 1073 1397 1099 res
1423 1058 1602 1099 rusticas
1624 1057 1792 1099 abunde

240 1132 516 1187 suppetivisse
549 1131 746 1183 omnes.⁴)
808 1130 964 1184 Itaque
995 1146 1045 1172 ne
1079 1131 1267 1185 singulas
1299 1135 1602 1185 persequentes
1635 1131 1793 1172 diutius

239 1206 280 1246 in
314 1219 358 1246 re
390 1204 615 1246 manifesta
648 1217 886 1254 versemur,
919 1204 1003 1244 iam
1033 1203 1238 1245 adeamus
1266 1203 1320 1244 ad
1352 1202 1670 1256 cognoscendas
1701 1203 1793 1244 illas

238 1293 316 1329 res,
347 1292 456 1332 quae
486 1291 544 1318 ex·
567 1275 697 1318 Italia
728 1289 805 1329 per
838 1275 1084 1329 Aquileiam
1111 1276 1293 1317 maxime
1317 1275 1512 1317 videntur
1543 1279 1793 1329 exportatae

237 1365 327 1393 esse
360 1351 401 1391 in
432 1349 628 1405 Illyricas
659 1348 914 1403 provincias,

375 1438 494 1491 Quas
533 1451 600 1477 res
642 1439 823 1490 apparet
854 1435 1036 1476 maxime
1073 1435 1197 1477 fuisse
1229 1436 1381 1476 varias.
1443 1434 1558 1476 Nam
1591 1434 1792 1476 credibile

236 1524 311 1563 per
341 1524 384 1550 se
414 1509 551 1563 ipsum
585 1512 648 1549 est
678 1522 822 1549 omnes
856 1508 942 1549 fere
976 1522 1043 1549 res
1080 1512 1119 1549 et
1153 1511 1307 1549 natura
1340 1512 1381 1549 et
1409 1523 1537 1549 manu
1573 1508 1710 1549 factas
1742 1523 1791 1548 ex

234 1581 364 1623 Italia
397 1580 593 1622 barbaris
627 1580 894 1622 humanitate
935 1581 1071 1634 magis
1111 1581 1329 1635 magisque
1367 1580 1561 1635 expolitis
1594 1580 1794 1622 advectas

235 1668 336 1696 esse.
399 1652 672 1708 Quamquam
703 1667 724 1694 e
759 1657 901 1695 terrae
934 1652 1128 1707 frugibus
1172 1652 1275 1694 nihil
1313 1654 1399 1694 fere
1441 1654 1521 1694 nisi
1563 1653 1700 1694 oleum
1743 1667 1793 1694 ae

234 1726 374 1767 vinum
407 1724 574 1766 videtur
605 1727 876 1778 exportatum
922 1724 1060 1775 fuisse,
1102 1739 1282 1778 quorum
1323 1724 1424 1766 illud
1461 1724 1514 1766 ab
1557 1739 1668 1766 anno
1710 1726 1790 1767 702

234 1812 271 1851 p.
314 1812 354 1838 u.
393 1811 425 1838 c.
477 1795 760 1837 venditionem
794 1795 982 1838 habebat
1022 1796 1136 1850 apud
1176 1796 1398 1849 barbaros,
1440 1797 1522 1839 hoc
1567 1812 1665 1839 vero
1703 1803 1790 1839 tum

232 1870 423 1923 inprimis
455 1867 662 1910 vendibile
695 1867 789 1920 fuit,
820 1883 915 1910 cum
939 1869 1068 1911 Italia
1100 1869 1323 1911 arbitrium
1346 1870 1491 1912 vitium
1514 1870 1790 1912 serendarum

374 1997 398 2033 ¹}
426 1996 528 2029 Hune
558 1995 711 2040 regionis
737 1994 945 2039 adspectum
972 1995 1096 2030 habuit
1123 1997 1303 2031 Maximini
1330 1998 1513 2032 exereitus,
1553 2008 1630 2031 cum
1658 2009 1695 2032 ex
1725 1997 1790 2032 Al-

233 2055 336 2099 pibus
363 2055 599 2090 descenderet.
649 2056 690 2090 ef.
722 2055 848 2090 Herod.
874 2056 905 2097 8,
932 2057 963 2093 4,
990 2059 1019 2091 Γ).

241 2106 243 2108 .
372 2115 397 2153 ²)
424 2116 590 2160 Inprimis
619 2116 713 2150 mala
746 2116 838 2160 apud
867 2115 1074 2161 Aquileiam
1113 2123 1207 2154 nata.
1251 2129 1341 2162 quae
1369 2117 1585 2153 vocabantur
1613 2119 1789 2153 Mattiana

230 2176 302 2210 sive
341 2176 546 2221 &aligniana
585 2175 663 2220 (Ed.
690 2176 806 2212 Diocl.
837 2177 897 2215 VI,
936 2178 994 2216 65)
1035 2179 1067 2211 in
1107 2189 1244 2213 summa
1284 2179 1448 2213 claritate
1489 2178 1597 2214 fnisse
1635 2183 1790 2214 testatur

232 2235 440 2270 Athenaeus
463 2236 524 2277 Ill,
549 2237 592 2270 82
618 2247 656 2272 c:
689 2234 756 2279 ἐγώ
781 2235 816 2270 δ’
845 2235 875 2271 ὠ
902 2235 1032 2279 ἄνδρες
1058 2240 1182 2280 φιλοῖ,
1213 2238 1363 2272 παύτων
1389 2238 1545 2282 μάλιστα
1573 2239 1788 2282 τεθαύμακα

228 2294 272 2330 τά
298 2293 390 2330 nurci
416 2296 480 2339 τὴν
496 2295 633 2340 Ῥώμην
661 2299 939 2342 πιπρασκόμενα
965 2301 1072 2343 μῆλα,
1099 2298 1141 2333 τὰ
1167 2299 1347 2342 nutriam}
1382 2300 1598 2343 καλούμενα.
1626 2296 1715 2342 ὅπερ
1733 2314 1789 2334 κο-

227 2358 393 2401 μίζεσθαι
424 2357 561 2400 λέγεται
584 2355 659 2391 ἀπό
684 2371 780 2399 τινος
805 2358 926 2404 κώμης
943 2357 1137 2404 ἴδρυμενης
1158 2357 1216 2394 ἐπὶ
1235 2361 1305 2395 τῶν
1325 2360 1418 2402 πρὸς
1438 2359 1789 2406 Ἀκυληϊαῗίλπεων.

228 2439 267 2442 m
296 2419 340 2453 ef.
364 2418 581 2463 Marquardt.
606 2419 696 2453 Priv.
724 2420 807 2455 Leb.
833 2422 909 2462 427,
937 2422 969 2456 4.
1019 2421 1206 2457 Baehrens.
1234 2422 1269 2456 P.
1295 2422 1334 2457 L.
1362 2423 1406 2457 M.
1434 2424 1497 2464 IV,
1523 2435 1559 2467 p.
1582 2424 1659 2457 303.

365 2479 391 2520 ³)
419 2480 604 2514 Veneticae
629 2483 742 2515 terrae
773 2481 998 2517 fertilitatem
1030 2483 1227 2517 invenimus
1253 2494 1329 2517 esse
1362 2484 1566 2528 saepissime
1592 2496 1612 2518 a
1639 2486 1786 2528 scripto-

227 2538 322 2573 ribus
359 2539 571 2574 celebratam
612 2541 807 2585 mirumque
845 2542 877 2575 in
923 2542 1062 2576 modum
1103 2543 1367 2587 amplificatam.
1431 2544 1506 2578 Huc
1545 2544 1653 2582 eadit,
1694 2545 1785 2589 quod

233 2599 388 2641 gallinae
415 2604 601 2635 narrantur
629 2599 680 2634 bis
707 2600 762 2635 die
789 2613 854 2636 ova
880 2603 1033 2647 gignere,
1061 2614 1143 2638 oves
1169 2603 1336 2638 dicuntur
1357 2605 1409 2639 bis
1427 2615 1517 2639 auno
1538 2616 1648 2649 agnos
1670 2616 1786 2649 parcre

225 2669 266 2693 ae
291 2658 496 2704 plerumque
523 2663 595 2695 tres
621 2662 674 2696 vel
703 2664 874 2706 quattuor
900 2662 994 2697 fetus
1022 2663 1131 2698 edere.
1183 2664 1289 2698 Plura
1316 2664 1357 2699 (le
1387 2665 1503 2699 haere
1529 2665 1675 2709 collegit
1703 2665 1785 2699 Nis-

227 2728 344 2761 senus,
370 2718 451 2754 Ital.
478 2720 582 2755 Ldsk.
609 2722 634 2763 1,
662 2722 739 2756 492.

360 2780 387 2819 ⁴)
415 2780 541 2819 Herod.
567 2782 598 2823 8,
626 2783 656 2819 6,
683 2783 704 2816 3
732 2782 844 2817 tradit
872 2783 925 2817 vel
961 2784 994 2817 in
1026 2784 1121 2818 exitu
1157 2784 1350 2818 obsidionis
1389 2796 1409 2818 a
1444 2785 1632 2820 Maximino
1672 2787 1784 2822 factae

224 2840 409 2875 maximam
437 2841 589 2875 omnium
612 2853 726 2877 rerum
760 2834 898 2888 copiam
936 2843 1072 2879 civibus
1107 2845 1235 2880 fuisse:
1273 2843 1488 2886 προιῖθεσιίν
1519 2858 1555 2880 τε
1591 2844 1681 2888 ὑπὲρ
1714 2851 1784 2881 τῶν

223 2903 351 2943 τειχῶν
377 2898 532 2944 α’γοροὶν,
572 2899 682 2936 ὤνιον
710 2903 932 2946 πηρὲχοντες
958 2907 1109 2947 τροφῶν
1134 2917 1169 2939 τε
1198 2907 1448 2940 παντοδαπῶν
1481 2907 1542 2941 καὶ
1568 2910 1690 2941 ποτῶν
1715 2905 1785 2949 (κ’φ-

222 2961 362 2993 θονιάν
390 2958 546 3005 ἐσθῆτός
574 2975 609 2996 τε
636 2963 698 2997 καὶ
724 2962 976 3007 ὑποδημάτων
1005 2965 1066 2999 καὶ
1103 2961 1171 2999 ὅσα
1205 2964 1357 3000 ἐδύνατο
1390 2968 1560 3013 παρέχειν
1593 2966 1627 3007 ἐς
1661 2971 1786 3013 χρῆσιν

223 3018 443 3063 ἀνθρώποις
471 3021 579 3062 πόλις
607 3021 879 3068 εὐδαιμονοῦσα
905 3026 965 3059 καὶ
991 3025 1205 3070 ἀκμάζουσα
1235 3023 1302 3062 nti.
